Order Priority,Discount,Unit Price,Shipping Cost,Ship Mode,Customer Segment,Product Category,Product Sub-Category,Product Container,Region,State or Province,City,Postal Code,Order Date,Ship Date,Profit,Sales
High,0.01,2.84,0.93,Express Air,Corporate,Office Supplies,Pens & Art Supplies,Wrap Bag,West,Washington,Anacortes,98221,1/7/2015,1/8/2015,4.56,13.01
Not Specified,0.02,500.98,26,Delivery Truck,Home Office,Furniture,Chairs & Chairmats,Jumbo Drum,West,California,San Gabriel,91776,6/13/2015,6/15/2015,4390.3665,6362.85
Critical,0.06,9.48,7.29,Regular Air,Home Office,Furniture,Office Furnishings,Small Pack,East,New Jersey,Roselle,7203,2/15/2015,2/17/2015,-53.8096,211.15
Medium,0.09,78.69,19.99,Regular Air,Small Business,Furniture,Office Furnishings,Small Box,Central,Minnesota,Prior Lake,55372,5/12/2015,5/14/2015,803.4705,1164.45
Medium,0.08,3.28,2.31,Regular Air,Small Business,Office Supplies,Pens & Art Supplies,Wrap Bag,Central,Minnesota,Prior Lake,55372,5/12/2015,5/13/2015,-24.03,22.23
Medium,0.05,3.28,4.2,Regular Air,Small Business,Office Supplies,Pens & Art Supplies,Wrap Bag,Central,Minnesota,Prior Lake,55372,5/12/2015,5/13/2015,-37.03,13.99
Medium,0.05,3.58,1.63,Regular Air,Small Business,Office Supplies,Rubber Bands,Wrap Bag,Central,Minnesota,Prior Lake,55372,5/12/2015,5/13/2015,-0.71,14.26
Critical,0,4.42,4.99,Regular Air,Small Business,Office Supplies,Envelopes,Small Box,East,New York,Smithtown,11787,4/8/2015,4/9/2015,-59.82,33.47
Medium,0.01,35.94,6.66,Regular Air,Small Business,Office Supplies,Envelopes,Small Box,East,New York,Smithtown,11787,5/28/2015,5/28/2015,261.8757,379.53
High,0.04,2.98,1.58,Regular Air,Small Business,Office Supplies,Rubber Bands,Wrap Bag,East,New York,Syracuse,13210,2/12/2015,2/15/2015,2.63,18.8
High,0.05,115.99,2.5,Regular Air,Small Business,Technology,Telephones and Communication,Small Box,East,New York,Syracuse,13210,2/12/2015,2/14/2015,652.7331,945.99
High,0.05,26.48,6.93,Regular Air,Small Business,Furniture,Office Furnishings,Small Box,West,Montana,Helena,59601,5/15/2015,5/16/2015,314.4813,455.77
Not Specified,0.07,12.99,9.44,Regular Air,Small Business,Technology,Office Machines,Medium Box,West,Montana,Missoula,59801,5/21/2015,5/23/2015,-114.6399,231.79
High,0.05,26.48,6.93,Regular Air,Small Business,Furniture,Office Furnishings,Small Box,East,New York,New York City,10012,5/15/2015,5/16/2015,384.38,1876.69
Not Specified,0.08,5,3.39,Regular Air,Small Business,Office Supplies,Rubber Bands,Wrap Bag,East,New York,New York City,10012,5/21/2015,5/22/2015,-17.49,293.06
Not Specified,0.07,12.99,9.44,Regular Air,Small Business,Technology,Office Machines,Medium Box,East,New York,New York City,10012,5/21/2015,5/23/2015,-114.6399,914.29
High,0.06,55.48,14.3,Regular Air,Corporate,Office Supplies,Paper,Small Box,West,California,Laguna Niguel,92677,1/28/2015,1/29/2015,-28.2968,67.49
High,0.02,1.68,1.57,Regular Air,Corporate,Office Supplies,Pens & Art Supplies,Wrap Bag,West,California,Laguna Niguel,92677,1/28/2015,1/30/2015,-5.3072,2.25
Not Specified,0.04,4.14,6.6,Regular Air,Corporate,Furniture,Office Furnishings,Small Box,West,California,Lakewood,90712,5/2/2015,5/4/2015,8.894,54.78
High,0.08,34.99,7.73,Regular Air,Corporate,Office Supplies,Pens & Art Supplies,Small Box,West,Oregon,Grants Pass,97526,2/22/2015,2/23/2015,144.69,424.68
High,0.01,17.98,8.51,Regular Air,Corporate,Technology,Office Machines,Medium Box,West,Oregon,Grants Pass,97526,3/27/2015,3/28/2015,-35.8788,40.17
Medium,0.09,125.99,7.69,Express Air,Corporate,Technology,Telephones and Communication,Small Box,West,Oregon,Grants Pass,97526,1/20/2015,1/22/2015,209.997,783.55
Low,0.06,205.99,8.99,Regular Air,Corporate,Technology,Telephones and Communication,Small Box,West,Oregon,Grants Pass,97526,3/12/2015,3/19/2015,3568.096,3838.14
Not Specified,0.03,4.24,5.41,Regular Air,Corporate,Office Supplies,Binders and Binder Accessories,Small Box,West,Oregon,Gresham,97030,6/15/2015,6/17/2015,-84.4376,58.68
Not Specified,0.04,2.94,0.7,Regular Air,Corporate,Office Supplies,Pens & Art Supplies,Wrap Bag,West,Oregon,Gresham,97030,6/15/2015,6/16/2015,24.312,53.1
High,0,99.99,19.99,Regular Air,Consumer,Technology,Office Machines,Small Box,West,Washington,Redmond,98052,5/10/2015,5/11/2015,25.91382,647.07
Not Specified,0,115.99,2.5,Regular Air,Corporate,Technology,Telephones and Communication,Small Box,West,Washington,Puyallup,98373,3/10/2015,3/10/2015,162.666,627.04
Critical,0.07,3502.14,8.73,Delivery Truck,Corporate,Technology,Office Machines,Jumbo Box,West,Washington,Redmond,98052,1/28/2015,1/30/2015,-6923.5992,3267.55
Not Specified,0.02,5.98,5.79,Regular Air,Corporate,Office Supplies,Paper,Small Box,West,Washington,Redmond,98052,3/10/2015,3/11/2015,-67.49,110.19
Medium,0.06,3.8,1.49,Regular Air,Consumer,Office Supplies,Binders and Binder Accessories,Small Box,East,New York,Tonawanda,14150,4/20/2015,4/21/2015,19.6282,73.55
Medium,0.06,1.76,0.7,Regular Air,Consumer,Office Supplies,Pens & Art Supplies,Wrap Bag,East,New York,Tonawanda,14150,4/20/2015,4/21/2015,-1.6524,29.57
High,0.02,5.98,5.15,Regular Air,Corporate,Office Supplies,Paper,Small Box,Central,Texas,Round Rock,78664,5/9/2015,5/11/2015,2.14,22.85
High,0.04,29.14,4.86,Regular Air,Corporate,Office Supplies,Paper,Wrap Bag,Central,Texas,Round Rock,78664,6/12/2015,6/14/2015,349.4091,506.39
Not Specified,0,3.69,0.5,Regular Air,Small Business,Office Supplies,Labels,Small Box,South,Virginia,Salem,24153,3/2/2015,3/4/2015,-37.5291,4
Not Specified,0.02,175.99,4.99,Express Air,Small Business,Technology,Telephones and Communication,Small Box,South,Virginia,Salem,24153,3/2/2015,3/2/2015,101.49,589.8
Low,0.05,155.06,7.07,Regular Air,Corporate,Office Supplies,Storage & Organization,Small Box,West,California,Napa,94559,1/2/2015,1/9/2015,845.664,1225.6
Low,0,291.73,48.8,Delivery Truck,Corporate,Furniture,Chairs & Chairmats,Jumbo Drum,East,New York,New York City,10177,1/2/2015,1/2/2015,-308.928,1239.06
Low,0.07,100.98,45,Delivery Truck,Corporate,Furniture,Chairs & Chairmats,Jumbo Drum,East,New York,New York City,10177,1/2/2015,1/4/2015,-1679.76,4083.19
Low,0.05,155.06,7.07,Regular Air,Corporate,Office Supplies,Storage & Organization,Small Box,East,New York,New York City,10177,1/2/2015,1/9/2015,575.396,4902.38
High,0.09,122.99,70.2,Delivery Truck,Corporate,Furniture,Chairs & Chairmats,Jumbo Drum,East,New York,New York City,10177,2/2/2015,2/4/2015,-2426.55,5718.85
High,0.09,122.99,70.2,Delivery Truck,Corporate,Furniture,Chairs & Chairmats,Jumbo Drum,East,Vermont,Burlington,5401,2/2/2015,2/4/2015,-2426.55,1400.53
High,0.04,296.18,54.12,Delivery Truck,Corporate,Furniture,Tables,Jumbo Box,East,Ohio,Canton,44708,3/15/2015,3/15/2015,-715.778206,1821.89
Not Specified,0,8.09,7.96,Regular Air,Consumer,Furniture,Office Furnishings,Small Box,East,Ohio,Cincinnati,45231,2/2/2015,2/3/2015,-144.56,90.98
High,0.08,896.99,19.99,Regular Air,Corporate,Office Supplies,Binders and Binder Accessories,Small Box,East,Ohio,Cincinnati,45231,3/30/2015,4/2/2015,7402.32,10728
Low,0.05,161.55,19.99,Regular Air,Corporate,Office Supplies,Storage & Organization,Small Box,West,California,Vacaville,95687,6/3/2015,6/8/2015,1892.424,3127.69
High,0.09,4.91,0.5,Regular Air,Corporate,Office Supplies,Labels,Small Box,West,California,Vacaville,95687,3/22/2015,3/23/2015,28.8558,41.82
High,0.01,296.18,54.12,Delivery Truck,Corporate,Furniture,Tables,Jumbo Box,West,California,Vacaville,95687,3/22/2015,3/25/2015,173.48,2875.72
High,0.07,19.84,4.1,Regular Air,Home Office,Office Supplies,Pens & Art Supplies,Wrap Bag,West,California,Vallejo,94591,5/17/2015,5/18/2015,117.852,170.8
Medium,0.05,5.18,2.04,Regular Air,Home Office,Office Supplies,Paper,Wrap Bag,West,California,Vallejo,94591,2/18/2015,2/20/2015,34.0104,53.54
Medium,0.06,175.99,8.99,Regular Air,Corporate,Technology,Telephones and Communication,Small Box,West,California,Vallejo,94591,3/4/2015,3/6/2015,2031.507,3363.53
High,0.07,8.34,1.43,Regular Air,Home Office,Office Supplies,Paper,Wrap Bag,South,Louisiana,Terrytown,70056,5/17/2015,5/19/2015,-190.68,132.08
High,0.09,4.98,6.07,Regular Air,Home Office,Office Supplies,Paper,Small Box,South,Louisiana,Terrytown,70056,5/17/2015,5/18/2015,325.398,45.34
Medium,0.04,12.98,3.14,Express Air,Corporate,Office Supplies,"Scissors, Rulers and Trimmers",Small Pack,South,Louisiana,Terrytown,70056,6/7/2015,6/9/2015,22.818,216.04
Not Specified,0.04,160.98,30,Delivery Truck,Home Office,Furniture,Chairs & Chairmats,Jumbo Drum,Central,Illinois,Chicago,60601,5/3/2015,5/5/2015,116.1,6276.34
Not Specified,0.01,17.98,4,Regular Air,Home Office,Technology,Computer Peripherals,Small Box,Central,Illinois,Chicago,60601,5/3/2015,5/5/2015,-87.96,2664.4
Not Specified,0.04,160.98,30,Delivery Truck,Home Office,Furniture,Chairs & Chairmats,Jumbo Drum,Central,Kansas,Manhattan,66502,5/3/2015,5/5/2015,255.42,1526.68
Not Specified,0.06,115.99,8.99,Regular Air,Home Office,Technology,Telephones and Communication,Small Box,Central,Kansas,Manhattan,66502,5/3/2015,5/4/2015,685.6146,1952.56
Medium,0.1,19.98,4,Regular Air,Consumer,Technology,Computer Peripherals,Small Box,East,Maine,Biddeford,4005,6/22/2015,6/24/2015,-16.2,303.59
Medium,0.04,300.98,54.92,Delivery Truck,Consumer,Furniture,Bookcases,Jumbo Box,East,Massachusetts,Boston,2129,4/6/2015,4/7/2015,2023.75,9459.94
Medium,0.1,19.98,4,Regular Air,Consumer,Technology,Computer Peripherals,Small Box,East,Massachusetts,Boston,2129,6/22/2015,6/24/2015,-20.25,1233.32
Medium,0.09,2.88,1.49,Regular Air,Consumer,Office Supplies,Binders and Binder Accessories,Small Box,East,Massachusetts,Boston,2129,6/22/2015,6/23/2015,-3.381,47.31
Medium,0.04,300.98,54.92,Delivery Truck,Consumer,Furniture,Bookcases,Jumbo Box,East,New Hampshire,Dover,3820,4/6/2015,4/7/2015,1684.4763,2441.27
Medium,0.09,2.88,1.49,Regular Air,Consumer,Office Supplies,Binders and Binder Accessories,Small Box,East,New Jersey,Lodi,7644,6/22/2015,6/23/2015,-2.7048,11.13
High,0.03,4.26,1.2,Regular Air,Home Office,Office Supplies,Pens & Art Supplies,Wrap Bag,West,Oregon,Lake Oswego,97035,1/3/2015,1/4/2015,18.658,29.5
Medium,0.01,4.91,0.5,Regular Air,Home Office,Office Supplies,Labels,Small Box,West,Oregon,Lake Oswego,97035,4/4/2015,4/6/2015,40.2477,58.33
Medium,0.09,4,1.3,Express Air,Home Office,Office Supplies,Paper,Wrap Bag,West,Oregon,Lake Oswego,97035,4/4/2015,4/6/2015,14.0898,20.42
Low,0.07,2.12,1.99,Regular Air,Home Office,Technology,Computer Peripherals,Small Pack,West,Oregon,Mcminnville,97128,4/9/2015,4/11/2015,-55.84,26.07
High,0.03,4.26,1.2,Regular Air,Home Office,Office Supplies,Pens & Art Supplies,Wrap Bag,West,Washington,Seattle,98103,1/3/2015,1/4/2015,9.82,122.23
Medium,0.01,4.91,0.5,Regular Air,Home Office,Office Supplies,Labels,Small Box,West,Washington,Seattle,98103,4/4/2015,4/6/2015,112.06,228.46
Medium,0.09,4,1.3,Express Air,Home Office,Office Supplies,Paper,Wrap Bag,West,Washington,Seattle,98103,4/4/2015,4/6/2015,16.79,77.61
Low,0.07,2.12,1.99,Regular Air,Home Office,Technology,Computer Peripherals,Small Pack,West,Washington,Seattle,98103,4/9/2015,4/11/2015,-55.84,99.94
High,0.05,6.3,0.5,Regular Air,Corporate,Office Supplies,Labels,Small Box,West,Utah,Layton,84041,1/12/2015,1/13/2015,41.2965,59.85
High,0.09,205.99,3,Express Air,Corporate,Technology,Telephones and Communication,Small Box,West,Utah,Layton,84041,1/12/2015,1/14/2015,1179.0237,1708.73
Critical,0.06,8.57,6.14,Regular Air,Home Office,Office Supplies,"Scissors, Rulers and Trimmers",Small Pack,South,Virginia,Tysons Corner,22102,4/9/2015,4/10/2015,105.678,94.97
Not Specified,0.02,1.74,4.08,Regular Air,Small Business,Furniture,Office Furnishings,Small Pack,Central,Illinois,Alton,62002,1/27/2015,1/28/2015,-37.39,10.23
Not Specified,0.07,15.74,1.39,Regular Air,Small Business,Office Supplies,Envelopes,Small Box,Central,Illinois,Alton,62002,5/25/2015,5/26/2015,149.8887,217.23
Critical,0.04,18.97,9.54,Regular Air,Small Business,Office Supplies,Paper,Small Box,West,California,Petaluma,94952,5/16/2015,5/17/2015,3.04,101.74
Critical,0.09,10.98,3.37,Regular Air,Small Business,Office Supplies,"Scissors, Rulers and Trimmers",Small Pack,West,California,Petaluma,94952,5/16/2015,5/17/2015,2.706,84.52
Critical,0.03,22.84,11.54,Regular Air,Small Business,Office Supplies,Paper,Small Box,East,Connecticut,Ansonia,6401,6/2/2015,6/3/2015,91.956,312.59
Critical,0.05,10.98,3.37,Regular Air,Small Business,Office Supplies,"Scissors, Rulers and Trimmers",Small Pack,East,Massachusetts,Yarmouth,2664,6/2/2015,6/3/2015,-2.544,64.4
Medium,0.06,7.04,2.17,Regular Air,Small Business,Office Supplies,Paper,Wrap Bag,East,Pennsylvania,West Mifflin,15122,1/15/2015,1/17/2015,2.4852,14.65
Low,0.07,154.13,69,Express Air,Home Office,Furniture,Tables,Large Box,East,Pennsylvania,West Mifflin,15122,3/16/2015,3/16/2015,-634.7341,453.62
Not Specified,0.01,45.98,4.8,Regular Air,Small Business,Furniture,Office Furnishings,Wrap Bag,Central,Texas,Watauga,76148,3/12/2015,3/13/2015,133.5771,193.59
Medium,0.06,180.98,26.2,Delivery Truck,Corporate,Furniture,Chairs & Chairmats,Jumbo Drum,Central,Texas,Watauga,76148,4/23/2015,4/24/2015,251.4084,929.57
Critical,0.09,32.98,5.5,Regular Air,Home Office,Technology,Computer Peripherals,Small Box,South,Tennessee,Kingsport,37664,1/22/2015,1/23/2015,-20.258,62.46
High,0.09,5.98,2.5,Regular Air,Home Office,Office Supplies,Envelopes,Small Box,South,Tennessee,Kingsport,37664,4/20/2015,4/22/2015,13.896,28.11
Critical,0.09,2.88,0.7,Regular Air,Consumer,Office Supplies,Pens & Art Supplies,Wrap Bag,South,Tennessee,Knoxville,37918,1/15/2015,1/16/2015,-172.718,5.5
Low,0.01,79.52,48.2,Regular Air,Home Office,Furniture,Office Furnishings,Medium Box,South,Tennessee,Knoxville,37918,4/19/2015,4/26/2015,-40.684,667.84
High,0.01,65.99,8.99,Regular Air,Consumer,Technology,Telephones and Communication,Small Box,South,Tennessee,Knoxville,37918,3/29/2015,4/1/2015,97.86,292.23
Low,0.1,39.98,4,Regular Air,Small Business,Technology,Computer Peripherals,Small Box,South,Tennessee,Knoxville,37918,6/18/2015,6/22/2015,360.24,772.56
Critical,0.01,95.99,4.9,Regular Air,Corporate,Technology,Telephones and Communication,Small Box,West,Colorado,Fort Collins,80525,5/14/2015,5/15/2015,713.88,1050.08
High,0.03,10.89,4.5,Regular Air,Corporate,Office Supplies,Appliances,Small Box,West,Colorado,Fort Collins,80525,1/25/2015,1/26/2015,-18.64,33.82
Medium,0.05,100.98,35.84,Delivery Truck,Home Office,Furniture,Bookcases,Jumbo Box,West,Washington,Richland,99352,1/2/2015,1/4/2015,-111.4,715.55
Medium,0.02,4.98,5.49,Regular Air,Home Office,Office Supplies,Paper,Small Box,West,Washington,Richland,99352,1/2/2015,1/3/2015,-77.03,45.63
Low,0.08,399.98,12.06,Delivery Truck,Consumer,Technology,Office Machines,Jumbo Box,South,Tennessee,Lebanon,37087,1/11/2015,1/18/2015,28.5141,1839.91
Low,0.08,43.22,16.71,Regular Air,Corporate,Technology,Computer Peripherals,Small Box,South,Louisiana,Baton Rouge,70802,1/3/2015,1/5/2015,280.27458,130.62
Low,0.05,574.74,24.49,Regular Air,Corporate,Technology,Office Machines,Large Box,South,Louisiana,Baton Rouge,70802,1/3/2015,1/10/2015,-112.4263,6945.16
Low,0.04,10.14,2.27,Regular Air,Corporate,Office Supplies,Paper,Wrap Bag,South,Louisiana,Baton Rouge,70802,1/3/2015,1/7/2015,24.924,30.94
Critical,0.05,1.88,1.49,Regular Air,Corporate,Office Supplies,Binders and Binder Accessories,Small Box,East,New Jersey,Fort Lee,7024,4/13/2015,4/15/2015,-2.9095,3.42
Critical,0.02,49.99,19.99,Regular Air,Small Business,Technology,Computer Peripherals,Small Box,West,California,San Francisco,94122,2/21/2015,2/21/2015,-76.89,901.81
High,0.07,1.68,1.57,Regular Air,Corporate,Office Supplies,Pens & Art Supplies,Wrap Bag,West,California,San Francisco,94122,5/22/2015,5/23/2015,-35.75,186.59
Critical,0.02,49.99,19.99,Regular Air,Small Business,Technology,Computer Peripherals,Small Box,East,Massachusetts,Arlington,2474,2/21/2015,2/21/2015,-76.89,250.5
High,0.07,10.06,2.06,Regular Air,Corporate,Office Supplies,Paper,Wrap Bag,Central,Texas,Gainesville,76240,5/22/2015,5/22/2015,152.6556,221.24
High,0.07,1.68,1.57,Regular Air,Corporate,Office Supplies,Pens & Art Supplies,Wrap Bag,Central,Texas,Gainesville,76240,5/22/2015,5/23/2015,7.15,46.65
High,0.1,58.1,1.49,Regular Air,Corporate,Office Supplies,Binders and Binder Accessories,Small Box,Central,Illinois,Arlington Heights,60004,2/12/2015,2/13/2015,113.6499,164.71
High,0.01,80.48,4.5,Regular Air,Corporate,Office Supplies,Appliances,Small Box,Central,Illinois,Aurora,60505,2/12/2015,2/15/2015,-35.4744,79.68
Not Specified,0.05,3.8,1.49,Regular Air,Corporate,Office Supplies,Binders and Binder Accessories,Small Box,Central,Illinois,Aurora,60505,4/9/2015,4/11/2015,14.467,53.26
Not Specified,0.09,30.73,4,Regular Air,Corporate,Technology,Computer Peripherals,Small Box,Central,Illinois,Aurora,60505,4/9/2015,4/9/2015,-99.9864,203.49
Not Specified,0,125.99,8.08,Regular Air,Corporate,Technology,Telephones and Communication,Small Box,Central,Illinois,Aurora,60505,4/9/2015,4/10/2015,1348.59672,2356.01
Not Specified,0,213.45,14.7,Delivery Truck,Corporate,Technology,Office Machines,Jumbo Drum,West,Utah,Layton,84041,1/3/2015,1/5/2015,-560.81418,224.12
Medium,0.07,6.54,5.27,Regular Air,Corporate,Office Supplies,Binders and Binder Accessories,Small Box,West,Utah,Layton,84041,3/30/2015,4/1/2015,-66.0445,140.3
Not Specified,0.02,6.48,9.17,Regular Air,Corporate,Office Supplies,Paper,Small Box,West,Utah,Lehi,84043,1/10/2015,1/11/2015,-105.6852,28.2
Medium,0.09,3.29,1.35,Regular Air,Corporate,Office Supplies,Rubber Bands,Wrap Bag,West,Utah,Lehi,84043,3/30/2015,4/1/2015,15.66,71.55
Critical,0,161.55,19.99,Regular Air,Small Business,Office Supplies,Storage & Organization,Small Box,Central,Kansas,Overland Park,66212,4/2/2015,4/4/2015,1167.158,3108.98
Critical,0,161.55,19.99,Regular Air,Small Business,Office Supplies,Storage & Organization,Small Box,Central,Michigan,Detroit,48138,4/2/2015,4/4/2015,1014.92,12599.55
Not Specified,0.09,12.28,4.86,Regular Air,Corporate,Office Supplies,Paper,Small Box,Central,Oklahoma,Bartlesville,74006,4/27/2015,4/28/2015,1.73,34.65
High,0.03,7.37,5.53,Regular Air,Corporate,Technology,Computer Peripherals,Small Pack,Central,Oklahoma,Bartlesville,74006,1/16/2015,1/18/2015,-133.7,85.79
Low,0.05,1.86,2.58,Regular Air,Home Office,Office Supplies,Rubber Bands,Wrap Bag,East,New York,Troy,12180,1/17/2015,1/21/2015,-66.62,17.61
Medium,0.09,5.4,7.78,Express Air,Home Office,Office Supplies,Binders and Binder Accessories,Small Box,East,New York,Troy,12180,6/2/2015,6/2/2015,-21.48775,27.3
Medium,0.02,20.28,6.68,Regular Air,Home Office,Furniture,Office Furnishings,Small Box,East,New York,Troy,12180,6/2/2015,6/2/2015,44.6775,64.75
Medium,0,11.55,2.36,Regular Air,Home Office,Office Supplies,Pens & Art Supplies,Wrap Bag,East,New York,Troy,12180,6/2/2015,6/3/2015,23.595,62.98
Medium,0.01,10.06,2.06,Regular Air,Consumer,Office Supplies,Paper,Wrap Bag,East,New York,Utica,13501,1/6/2015,1/8/2015,7.59,21.2
Medium,0,65.99,5.92,Regular Air,Consumer,Technology,Telephones and Communication,Small Box,East,New York,Utica,13501,1/6/2015,1/8/2015,-107.987,173.32
Medium,0.05,2.08,2.56,Regular Air,Home Office,Office Supplies,"Scissors, Rulers and Trimmers",Small Pack,East,New York,Utica,13501,6/2/2015,6/3/2015,-36.25,42.29
Medium,0.05,119.99,56.14,Delivery Truck,Consumer,Technology,Office Machines,Jumbo Box,West,Utah,Murray,84107,6/9/2015,6/11/2015,-102.5121,730.37
Medium,0.03,60.89,32.41,Delivery Truck,Small Business,Furniture,Chairs & Chairmats,Jumbo Drum,South,North Carolina,Mint Hill,28227,4/2/2015,4/3/2015,36.354,450.49
Medium,0.07,5.81,8.49,Regular Air,Small Business,Office Supplies,Binders and Binder Accessories,Small Box,Central,Illinois,Orland Park,60462,2/20/2015,2/22/2015,-243.2365,58.8
Medium,0.04,9.65,6.22,Regular Air,Small Business,Furniture,Office Furnishings,Small Box,Central,Illinois,Orland Park,60462,2/20/2015,2/21/2015,-53.62,120.47
Critical,0.06,279.81,23.19,Delivery Truck,Small Business,Office Supplies,Appliances,Jumbo Drum,Central,Iowa,Newton,50208,2/5/2015,2/6/2015,1103.9724,1599.96
High,0.03,28.53,1.49,Regular Air,Small Business,Office Supplies,Binders and Binder Accessories,Small Box,Central,Iowa,Newton,50208,3/27/2015,3/29/2015,136.3371,197.59
High,0.01,15.28,1.99,Regular Air,Small Business,Technology,Computer Peripherals,Small Pack,Central,Iowa,Newton,50208,3/27/2015,3/29/2015,-12.46,33.04
Low,0.06,3.34,7.49,Express Air,Small Business,Office Supplies,Pens & Art Supplies,Wrap Bag,Central,Iowa,Newton,50208,4/28/2015,4/30/2015,-175.86,27.45
Not Specified,0,442.14,14.7,Delivery Truck,Corporate,Technology,Office Machines,Jumbo Drum,West,Colorado,Louisville,80027,2/22/2015,2/22/2015,3294.8259,4775.11
Medium,0.1,19.98,5.77,Express Air,Small Business,Office Supplies,Paper,Small Box,West,Colorado,Fountain,80817,4/20/2015,4/20/2015,35.09,57.41
Medium,0.06,259.71,66.67,Delivery Truck,Small Business,Furniture,Tables,Jumbo Box,West,Colorado,Grand Junction,81503,4/20/2015,4/21/2015,785.63,2809.87
Low,0.01,5.94,9.92,Regular Air,Small Business,Office Supplies,Binders and Binder Accessories,Small Box,West,Colorado,Grand Junction,81503,5/26/2015,6/2/2015,-256.519,79.93
Low,0.02,125.99,3,Regular Air,Small Business,Technology,Telephones and Communication,Small Box,West,Colorado,Grand Junction,81503,5/26/2015,5/26/2015,398.358,873.18
Medium,0.02,146.05,80.2,Delivery Truck,Corporate,Furniture,Tables,Jumbo Box,South,Tennessee,Maryville,37804,2/23/2015,2/23/2015,-101.192,798.69
Medium,0.06,65.99,5.92,Regular Air,Corporate,Technology,Telephones and Communication,Small Box,South,Tennessee,Maryville,37804,2/23/2015,2/24/2015,-3.332,792.11
Medium,0.09,2.88,0.99,Regular Air,Corporate,Office Supplies,Labels,Small Box,South,Tennessee,Maryville,37804,3/21/2015,3/23/2015,-145.082,28.73
Critical,0.02,2.58,1.3,Express Air,Corporate,Office Supplies,Pens & Art Supplies,Wrap Bag,Central,Minnesota,Richfield,55423,5/28/2015,5/29/2015,1.108,109.74
Critical,0.02,65.99,3.9,Regular Air,Corporate,Technology,Telephones and Communication,Small Box,Central,Minnesota,Richfield,55423,5/28/2015,5/29/2015,1061.379,1543.55
Medium,0.1,280.98,35.67,Delivery Truck,Home Office,Furniture,Tables,Jumbo Box,West,Colorado,Highlands Ranch,80126,6/10/2015,6/11/2015,-53.745,1332.82
Critical,0.03,8.34,2.64,Regular Air,Home Office,Office Supplies,"Scissors, Rulers and Trimmers",Small Pack,East,Pennsylvania,Hanover,17331,1/31/2015,2/2/2015,0.684,34.64
Medium,0.05,17.48,1.99,Regular Air,Consumer,Technology,Computer Peripherals,Small Pack,South,Florida,Seminole,33772,1/2/2015,1/4/2015,-127.008,52.47
Low,0.09,2.88,0.7,Regular Air,Consumer,Office Supplies,Pens & Art Supplies,Wrap Bag,West,New Mexico,Santa Fe,87505,1/19/2015,1/19/2015,5.7532,26.38
High,0.05,31.76,45.51,Delivery Truck,Small Business,Furniture,Tables,Jumbo Box,East,Ohio,Cleveland Heights,44106,1/21/2015,1/23/2015,-2177.986096,304.34
Not Specified,0,73.98,12.14,Express Air,Corporate,Technology,Computer Peripherals,Small Box,Central,Texas,San Antonio,78207,5/18/2015,5/20/2015,326.25,1300.81
Medium,0.08,6.48,7.03,Regular Air,Corporate,Office Supplies,Paper,Small Box,Central,Texas,San Antonio,78207,5/15/2015,5/16/2015,8.932,67.86
Medium,0.01,20.34,35,Regular Air,Corporate,Office Supplies,Storage & Organization,Large Box,Central,Texas,San Antonio,78207,5/15/2015,5/16/2015,229.638,747.28
Low,0.02,5.58,5.3,Regular Air,Home Office,Office Supplies,Envelopes,Small Box,West,Arizona,Flagstaff,86001,4/7/2015,4/12/2015,-22.48,18.67
Low,0.03,40.89,18.98,Regular Air,Home Office,Furniture,Office Furnishings,Small Box,West,Arizona,Flagstaff,86001,4/7/2015,4/14/2015,78.98,210.77
Low,0.09,35.94,6.66,Regular Air,Home Office,Office Supplies,Envelopes,Small Box,West,Arizona,Gilbert,85234,6/5/2015,6/10/2015,144.2928,209.12
Low,0,170.98,13.99,Regular Air,Home Office,Furniture,Office Furnishings,Medium Box,West,Arizona,Gilbert,85234,6/5/2015,6/12/2015,888.1473,1287.17
Low,0.09,4.98,7.44,Regular Air,Home Office,Office Supplies,Paper,Small Box,West,Arizona,Gilbert,85234,6/5/2015,6/7/2015,-46.005,46.17
Medium,0.1,80.97,30.06,Delivery Truck,Small Business,Technology,Office Machines,Jumbo Box,South,Georgia,Forest Park,30297,3/30/2015,3/31/2015,128.0253,899.81
Low,0.02,5.58,5.3,Regular Air,Home Office,Office Supplies,Envelopes,Small Box,South,North Carolina,Charlotte,28204,4/7/2015,4/12/2015,-29.8984,68.46
Low,0.03,40.89,18.98,Regular Air,Home Office,Furniture,Office Furnishings,Small Box,South,North Carolina,Charlotte,28204,4/7/2015,4/14/2015,52.9166,885.23
Low,0.09,35.94,6.66,Regular Air,Home Office,Office Supplies,Envelopes,Small Box,South,North Carolina,Charlotte,28204,6/5/2015,6/10/2015,72.1858,836.47
Low,0.09,4.98,7.44,Regular Air,Home Office,Office Supplies,Paper,Small Box,South,North Carolina,Charlotte,28204,6/5/2015,6/7/2015,-122.3733,189.83
Not Specified,0.09,15.28,10.91,Regular Air,Corporate,Office Supplies,Binders and Binder Accessories,Small Box,East,Connecticut,Fairfield,6824,1/24/2015,1/25/2015,-51.75,61.52
Critical,0.04,1.98,0.7,Express Air,Corporate,Office Supplies,Rubber Bands,Wrap Bag,East,Connecticut,Newington,6111,5/21/2015,5/22/2015,-1,8.3
Critical,0.03,55.99,5,Regular Air,Corporate,Technology,Telephones and Communication,Small Pack,East,New Jersey,Belleville,7109,5/21/2015,5/22/2015,-221.254,416.95
High,0.1,1.68,1.57,Regular Air,Corporate,Office Supplies,Pens & Art Supplies,Wrap Bag,East,New Jersey,Newark,7101,6/17/2015,6/18/2015,-11.57,18.71
Low,0,4.13,5.34,Regular Air,Small Business,Office Supplies,Binders and Binder Accessories,Small Box,Central,Kansas,Shawnee,66203,6/17/2015,6/21/2015,-61.87,40.95
Low,0.1,130.98,54.74,Delivery Truck,Small Business,Furniture,Bookcases,Jumbo Box,Central,Kansas,Shawnee,66203,6/17/2015,6/21/2015,-530.24,1155.73
Critical,0.09,28.48,1.99,Regular Air,Small Business,Technology,Computer Peripherals,Small Pack,Central,Kansas,Wichita,67212,1/16/2015,1/19/2015,132.687,192.3
Critical,0.08,65.99,4.99,Express Air,Small Business,Technology,Telephones and Communication,Small Box,Central,Kansas,Wichita,67212,1/16/2015,1/18/2015,496.89,748.1
Not Specified,0.04,4.98,4.62,Regular Air,Small Business,Technology,Computer Peripherals,Small Pack,West,Colorado,Loveland,80538,3/25/2015,3/26/2015,-135.16,102.54
High,0.01,8.33,1.99,Regular Air,Small Business,Technology,Computer Peripherals,Small Pack,East,Maryland,Pikesville,21208,2/14/2015,2/15/2015,15.8952,70.16
High,0.04,85.99,0.99,Regular Air,Small Business,Technology,Telephones and Communication,Wrap Bag,East,Maryland,Pikesville,21208,2/14/2015,2/16/2015,855.9933,1240.57
High,0.01,8.33,1.99,Regular Air,Small Business,Technology,Computer Peripherals,Small Pack,West,Washington,Seattle,98115,2/14/2015,2/15/2015,10.74,280.62
Medium,0.04,1637.53,24.49,Regular Air,Corporate,Office Supplies,"Scissors, Rulers and Trimmers",Medium Box,Central,Illinois,Forest Park,60130,3/20/2015,3/22/2015,-1759.58,3206.94
Medium,0.01,19.98,4,Regular Air,Corporate,Technology,Computer Peripherals,Small Box,East,Massachusetts,Belchertown,1007,3/20/2015,3/20/2015,-72.23,43.08
Not Specified,0.09,7.38,5.21,Regular Air,Corporate,Furniture,Office Furnishings,Small Box,West,California,Lemon Grove,91945,6/17/2015,6/18/2015,-27.16,66.55
Not Specified,0.04,5.98,5.15,Regular Air,Corporate,Office Supplies,Paper,Small Box,West,California,Lemon Grove,91945,6/17/2015,6/18/2015,-52.344,103.49
Not Specified,0.04,15.42,10.68,Regular Air,Corporate,Office Supplies,Storage & Organization,Small Box,West,California,Lemon Grove,91945,6/17/2015,6/18/2015,-119.936,192.18
Low,0.04,8.33,1.99,Regular Air,Consumer,Technology,Computer Peripherals,Small Pack,East,Maryland,Potomac,20854,4/4/2015,4/9/2015,9.9268,89.76
Not Specified,0.06,7.99,5.03,Regular Air,Consumer,Technology,Telephones and Communication,Medium Box,Central,Illinois,Batavia,60510,6/9/2015,6/10/2015,-29.172,28.46
Medium,0.06,296.18,54.12,Delivery Truck,Home Office,Furniture,Tables,Jumbo Box,East,Maine,Sanford,4073,4/14/2015,4/15/2015,-715.778206,1170.21
Medium,0.01,29.1,4,Express Air,Home Office,Technology,Computer Peripherals,Small Box,East,New Hampshire,Goffstown,3045,4/14/2015,4/16/2015,-22.82,243.32
Critical,0.06,276.2,24.49,Regular Air,Corporate,Furniture,Chairs & Chairmats,Large Box,West,Oregon,Medford,97504,5/4/2015,5/5/2015,2639.4708,3825.32
Critical,0.09,6.28,5.29,Regular Air,Corporate,Furniture,Office Furnishings,Small Box,West,Oregon,Medford,97504,5/4/2015,5/4/2015,-5.2,8.53
Medium,0.08,7.77,9.23,Regular Air,Corporate,Office Supplies,Appliances,Small Box,East,Ohio,Columbus,43229,3/17/2015,3/18/2015,-83.65,40.3
Medium,0.07,7.59,4,Regular Air,Corporate,Furniture,Office Furnishings,Wrap Bag,East,Ohio,Columbus,43229,3/17/2015,3/19/2015,24.39,111.88
Critical,0.01,3.26,1.86,Regular Air,Corporate,Office Supplies,Pens & Art Supplies,Wrap Bag,South,Florida,Miami,33181,5/4/2015,5/6/2015,-4.6683,73.97
Critical,0.03,15.23,27.75,Delivery Truck,Corporate,Furniture,Tables,Jumbo Box,East,Maine,Bangor,4401,1/31/2015,2/1/2015,11.65095,111.86
Critical,0.01,3.26,1.86,Regular Air,Corporate,Office Supplies,Pens & Art Supplies,Wrap Bag,East,Maine,Portland,4101,5/4/2015,5/6/2015,0.702,18.49
Critical,0,8.34,2.64,Express Air,Home Office,Office Supplies,"Scissors, Rulers and Trimmers",Small Pack,South,Florida,Miami,33132,6/9/2015,6/11/2015,5.8625,212.89
Medium,0.04,99.23,8.99,Regular Air,Home Office,Furniture,Office Furnishings,Small Pack,South,Florida,Miami,33132,1/2/2015,1/4/2015,1916.6757,5555.6
Critical,0,8.34,2.64,Express Air,Home Office,Office Supplies,"Scissors, Rulers and Trimmers",Small Pack,East,New York,Watertown,13601,6/9/2015,6/11/2015,10.5,55.54
Medium,0.04,99.23,8.99,Regular Air,Home Office,Furniture,Office Furnishings,Small Pack,East,New York,Watertown,13601,1/2/2015,1/4/2015,993.8346,1440.34
Low,0.08,4.89,4.93,Express Air,Home Office,Technology,Computer Peripherals,Small Pack,West,Arizona,Glendale,85301,5/14/2015,5/14/2015,-165.45,84.76
Low,0.07,6.68,6.92,Regular Air,Home Office,Office Supplies,Paper,Small Box,West,Arizona,Glendale,85301,5/14/2015,5/21/2015,-141.12,104.84
Critical,0.07,124.49,51.94,Delivery Truck,Corporate,Furniture,Tables,Jumbo Box,West,Arizona,Kingman,86401,5/24/2015,5/25/2015,1074.44,1714.93
Low,0.04,125.99,8.99,Regular Air,Corporate,Technology,Telephones and Communication,Small Box,East,Pennsylvania,King of Prussia,19406,1/9/2015,1/16/2015,-627.82192,107.95
Medium,0.05,328.14,91.05,Delivery Truck,Small Business,Office Supplies,Appliances,Jumbo Drum,East,Rhode Island,Cranston,2910,1/17/2015,1/19/2015,411.5172,1967.98
Low,0.09,19.23,6.15,Express Air,Corporate,Furniture,Office Furnishings,Small Pack,West,California,Oakland,94601,4/11/2015,4/13/2015,211.232,394.1
Not Specified,0.02,20.99,4.81,Regular Air,Corporate,Technology,Telephones and Communication,Medium Box,East,Maine,Lewiston,4240,5/27/2015,5/29/2015,49.788,266.39
Not Specified,0.05,5.4,7.78,Express Air,Corporate,Office Supplies,Binders and Binder Accessories,Small Box,East,Massachusetts,Everett,2149,5/27/2015,5/29/2015,-132.6295,51.82
Not Specified,0.02,200.98,55.96,Delivery Truck,Small Business,Furniture,Bookcases,Jumbo Box,Central,Michigan,Detroit,48234,3/14/2015,3/16/2015,-163.63,9539.6
Not Specified,0.02,4.28,5.17,Regular Air,Small Business,Office Supplies,Paper,Small Box,Central,Michigan,Detroit,48234,3/14/2015,3/15/2015,-63.87,109.86
Not Specified,0.04,85.99,0.99,Regular Air,Small Business,Technology,Telephones and Communication,Wrap Bag,Central,Michigan,Detroit,48234,3/14/2015,3/16/2015,-175.175,1426.51
Not Specified,0.02,200.98,55.96,Delivery Truck,Small Business,Furniture,Bookcases,Jumbo Box,South,Tennessee,Morristown,37814,3/14/2015,3/16/2015,-224.9478,2331.9
Not Specified,0.02,4.28,5.17,Regular Air,Small Business,Office Supplies,Paper,Small Box,South,Tennessee,Morristown,37814,3/14/2015,3/15/2015,196.8,27.47
Medium,0.03,25.98,5.37,Regular Air,Consumer,Office Supplies,Appliances,Medium Box,Central,Illinois,Batavia,60510,4/17/2015,4/17/2015,250.0376,460.87
Not Specified,0.07,415.88,11.37,Regular Air,Corporate,Office Supplies,Storage & Organization,Small Box,Central,Illinois,Bloomington,61701,5/1/2015,5/1/2015,-539.59,394.51
Critical,0.06,5.34,5.63,Regular Air,Corporate,Office Supplies,Binders and Binder Accessories,Small Box,East,Pennsylvania,Drexel Hill,19026,3/19/2015,3/19/2015,-82.823,38.65
Critical,0.07,65.99,5.26,Express Air,Corporate,Technology,Telephones and Communication,Small Box,East,Pennsylvania,Drexel Hill,19026,3/19/2015,3/21/2015,107.082,279.83
High,0.1,8.88,6.28,Express Air,Corporate,Office Supplies,Binders and Binder Accessories,Small Box,Central,Nebraska,Grand Island,68801,6/12/2015,6/14/2015,-27.28375,126.9
Critical,0.03,5.28,5.66,Regular Air,Corporate,Office Supplies,Paper,Small Box,Central,Nebraska,Kearney,68847,1/3/2015,1/5/2015,-51.5592,22.82
Critical,0.01,110.99,2.5,Regular Air,Corporate,Technology,Telephones and Communication,Small Box,Central,Nebraska,Kearney,68847,1/3/2015,1/6/2015,-263.56572,188.66
Low,0.03,160.98,30,Delivery Truck,Corporate,Furniture,Chairs & Chairmats,Jumbo Drum,Central,Nebraska,Lincoln,68502,2/6/2015,2/10/2015,1273.2087,1845.23
Medium,0.02,34.98,7.53,Regular Air,Corporate,Technology,Computer Peripherals,Small Box,Central,Missouri,Clayton,63105,3/5/2015,3/7/2015,-159.68,37.16
Medium,0.01,19.99,11.17,Regular Air,Corporate,Furniture,Office Furnishings,Large Box,Central,Missouri,Clayton,63105,3/5/2015,3/8/2015,27.91,43.65
Low,0.07,9.71,9.45,Regular Air,Corporate,Office Supplies,Storage & Organization,Small Box,East,New York,Auburn,13021,2/15/2015,2/22/2015,-81.77,31.44
Critical,0.04,15.98,4,Regular Air,Corporate,Technology,Computer Peripherals,Small Box,South,North Carolina,Albemarle,28001,6/18/2015,6/19/2015,-19.208,64.59
Critical,0.06,22.84,5.47,Regular Air,Corporate,Office Supplies,Paper,Small Box,South,North Carolina,Albemarle,28001,6/18/2015,6/20/2015,7.44,461.94
Critical,0.1,154.13,69,Regular Air,Corporate,Furniture,Tables,Large Box,East,Ohio,Cuyahoga Falls,44221,2/2/2015,2/3/2015,-372.485971,1216.32
Medium,0.05,63.94,14.48,Regular Air,Corporate,Furniture,Office Furnishings,Small Box,East,Ohio,Dayton,45406,5/23/2015,5/25/2015,1372.6308,1989.32
High,0.03,4.98,0.8,Regular Air,Small Business,Office Supplies,Paper,Wrap Bag,East,New Jersey,South Vineland,8360,5/21/2015,5/22/2015,50.2044,72.76
Low,0.07,29.17,6.27,Regular Air,Corporate,Office Supplies,Binders and Binder Accessories,Small Box,Central,Texas,San Juan,78589,5/2/2015,5/6/2015,236.2371,400.47
High,0.05,178.47,19.99,Express Air,Consumer,Office Supplies,Storage & Organization,Small Box,West,California,Oakland,94601,5/4/2015,5/7/2015,943,1531.31
Critical,0.09,999.99,13.99,Regular Air,Small Business,Technology,Office Machines,Medium Box,East,New Jersey,Elizabeth,7201,2/6/2015,2/8/2015,-2531.4825,919.09
High,0.02,15.28,1.99,Regular Air,Corporate,Technology,Computer Peripherals,Small Pack,West,Nevada,Carson City,89701,1/15/2015,1/16/2015,163.1574,236.46
High,0,85.99,3.3,Regular Air,Corporate,Technology,Telephones and Communication,Small Pack,West,Nevada,Carson City,89701,1/15/2015,1/16/2015,-302.225,73.82
Not Specified,0.05,10.98,4.8,Regular Air,Corporate,Office Supplies,Envelopes,Small Box,West,Nevada,Carson City,89701,3/3/2015,3/5/2015,90.62,243.11
Low,0.05,125.99,8.08,Regular Air,Small Business,Technology,Telephones and Communication,Small Box,East,Massachusetts,Lunenburg,1462,6/22/2015,6/27/2015,427.1184,952.26
Critical,0,7.59,4,Regular Air,Small Business,Furniture,Office Furnishings,Wrap Bag,Central,Illinois,Urbana,61801,5/25/2015,5/28/2015,86.438,355.92
Not Specified,0.03,48.04,19.99,Regular Air,Small Business,Office Supplies,Paper,Small Box,Central,Nebraska,Norfolk,68701,4/11/2015,4/13/2015,-4.46,101.71
High,0.09,200.98,55.96,Delivery Truck,Small Business,Furniture,Bookcases,Jumbo Box,Central,Nebraska,Norfolk,68701,6/23/2015,6/24/2015,-512.872,1766.68
High,0.09,2.78,0.97,Regular Air,Small Business,Office Supplies,Pens & Art Supplies,Wrap Bag,Central,Nebraska,Norfolk,68701,6/23/2015,6/24/2015,-3.784,29.02
Not Specified,0.04,130.98,30,Delivery Truck,Corporate,Furniture,Chairs & Chairmats,Jumbo Drum,Central,Minnesota,Roseville,55113,6/25/2015,6/28/2015,-82.904,159.51
Not Specified,0.05,200.99,4.2,Regular Air,Corporate,Technology,Telephones and Communication,Small Box,Central,Minnesota,Roseville,55113,6/25/2015,6/25/2015,1268.8065,1838.85
High,0.03,15.99,11.28,Regular Air,Home Office,Technology,Office Machines,Medium Box,West,California,Los Altos,94024,4/10/2015,4/11/2015,-53.2962,35.48
Critical,0.04,37.7,2.99,Regular Air,Home Office,Office Supplies,Binders and Binder Accessories,Small Box,West,California,Los Altos,94024,5/27/2015,5/28/2015,299.6739,434.31
Low,0.01,8.88,6.28,Regular Air,Home Office,Office Supplies,Binders and Binder Accessories,Small Box,West,California,Los Altos,94024,1/5/2015,1/10/2015,-15.456,19.86
Low,0.06,2.88,0.99,Regular Air,Home Office,Office Supplies,Labels,Small Box,West,California,Los Altos,94024,1/5/2015,1/14/2015,16.0494,23.26
Critical,0.01,55.99,5,Regular Air,Home Office,Technology,Telephones and Communication,Small Pack,West,California,Los Banos,93635,5/27/2015,5/28/2015,-235.895,51.83
Not Specified,0.03,29.34,7.87,Regular Air,Corporate,Furniture,Office Furnishings,Small Box,West,California,Los Gatos,95032,5/8/2015,5/10/2015,-41.32,32.4
Low,0.07,16.91,6.25,Regular Air,Home Office,Office Supplies,Storage & Organization,Small Box,East,New Jersey,Millville,8332,5/23/2015,5/30/2015,7.9,492.9
Low,0.07,165.2,19.99,Regular Air,Small Business,Office Supplies,Storage & Organization,Small Box,West,California,West Hollywood,90069,1/14/2015,1/16/2015,521.69,1081.54
Not Specified,0.08,297.64,14.7,Delivery Truck,Small Business,Technology,Office Machines,Jumbo Drum,East,Massachusetts,Bellingham,2019,1/11/2015,1/11/2015,496.7968,1132.84
Not Specified,0.02,12.99,14.37,Regular Air,Small Business,Furniture,Office Furnishings,Large Box,East,Massachusetts,Beverly,1915,1/11/2015,1/12/2015,-556.8096,143.63
Not Specified,0.06,14.42,6.75,Regular Air,Small Business,Office Supplies,Appliances,Medium Box,East,Massachusetts,Hanson,2341,1/11/2015,1/12/2015,-27.7388,73.04
Not Specified,0.05,4.14,6.6,Express Air,Small Business,Furniture,Office Furnishings,Small Box,East,New Jersey,Hawthorne,7506,1/11/2015,1/13/2015,-128.6872,33.35
Not Specified,0.03,11.34,5.01,Regular Air,Small Business,Office Supplies,Paper,Small Box,East,New Jersey,Trenton,8601,1/11/2015,1/11/2015,23.2028,60.24
Not Specified,0.07,179.99,19.99,Express Air,Consumer,Technology,Computer Peripherals,Small Box,South,Georgia,Atlanta,30318,2/8/2015,2/8/2015,-568.5351,718.03
Not Specified,0.07,179.99,19.99,Express Air,Consumer,Technology,Computer Peripherals,Small Box,East,Maryland,Randallstown,21133,2/8/2015,2/8/2015,-427.47,179.51
Critical,0.03,11.97,4.98,Regular Air,Corporate,Office Supplies,Appliances,Small Box,Central,Illinois,Oswego,60543,1/27/2015,1/28/2015,-18.19,73.18
Not Specified,0.06,3.36,6.27,Regular Air,Corporate,Office Supplies,Binders and Binder Accessories,Small Box,Central,Illinois,Oswego,60543,4/23/2015,4/24/2015,-24.05754,8.82
Not Specified,0.07,699.99,24.49,Regular Air,Corporate,Technology,Copiers and Fax,Large Box,Central,Illinois,Oswego,60543,4/23/2015,4/25/2015,2583.56148,5976.09
Not Specified,0.05,2.88,0.5,Regular Air,Corporate,Office Supplies,Labels,Small Box,West,California,Fresno,93727,3/18/2015,3/20/2015,6.0513,8.77
Medium,0.1,3.36,6.27,Express Air,Corporate,Office Supplies,Binders and Binder Accessories,Small Box,East,Maine,Sanford,4073,5/18/2015,5/19/2015,-67.0565,20.87
Medium,0.07,12.28,4.86,Regular Air,Corporate,Office Supplies,Paper,Small Box,East,Maine,South Portland,4106,5/18/2015,5/20/2015,-7.94,25.7
Medium,0.09,20.99,0.99,Regular Air,Corporate,Technology,Telephones and Communication,Wrap Bag,East,Massachusetts,Norwood,2062,5/18/2015,5/18/2015,122.292,229.57
Medium,0.08,2.94,0.96,Regular Air,Consumer,Office Supplies,Pens & Art Supplies,Wrap Bag,East,New York,New York City,10154,5/15/2015,5/17/2015,-2.12,66.7
Critical,0.01,4.98,6.07,Regular Air,Consumer,Office Supplies,Paper,Small Box,East,New York,New York City,10154,2/10/2015,2/11/2015,-69.07,217
Critical,0.02,1360.14,14.7,Delivery Truck,Consumer,Technology,Office Machines,Jumbo Drum,East,New York,New York City,10154,6/20/2015,6/22/2015,2028.12,31670.6
Not Specified,0.02,9.06,9.86,Regular Air,Consumer,Office Supplies,Paper,Small Box,East,New York,New York City,10154,6/20/2015,6/22/2015,-63.51,239.82
Not Specified,0.02,6.48,6.6,Regular Air,Consumer,Office Supplies,Paper,Small Box,West,Washington,Seatac,98158,1/20/2015,1/22/2015,-92.05,66.71
Not Specified,0.04,17.15,4.96,Regular Air,Consumer,Office Supplies,Storage & Organization,Small Box,West,Washington,Seatac,98158,1/20/2015,1/21/2015,6.11,87.16
Medium,0.06,8.32,2.38,Regular Air,Consumer,Technology,Computer Peripherals,Small Pack,West,Washington,Seattle,98115,5/15/2015,5/17/2015,-36.63,101.26
Medium,0.08,2.94,0.96,Regular Air,Consumer,Office Supplies,Pens & Art Supplies,Wrap Bag,West,Washington,Seattle,98115,5/15/2015,5/17/2015,-2.12,17.4
Critical,0.01,4.98,6.07,Regular Air,Consumer,Office Supplies,Paper,Small Box,West,Washington,Seattle,98115,2/10/2015,2/11/2015,-35.9164,52.93
Critical,0.02,1360.14,14.7,Delivery Truck,Consumer,Technology,Office Machines,Jumbo Drum,West,Washington,Seattle,98115,6/20/2015,6/22/2015,3042.18,8637.44
Not Specified,0.02,9.06,9.86,Regular Air,Consumer,Office Supplies,Paper,Small Box,West,Washington,Seattle,98115,6/20/2015,6/22/2015,-31.755,59.95
Critical,0.07,152.48,6.5,Regular Air,Small Business,Technology,Computer Peripherals,Small Box,South,Tennessee,Murfreesboro,37130,5/14/2015,5/16/2015,171.8388,5062.49
Critical,0.01,55.98,4.86,Express Air,Corporate,Office Supplies,Paper,Small Box,South,Kentucky,Bowling Green,42104,4/18/2015,4/20/2015,32.9409,646.97
Critical,0.04,65.99,8.99,Regular Air,Corporate,Technology,Telephones and Communication,Small Box,South,Kentucky,Bowling Green,42104,4/18/2015,4/19/2015,131.334,946.29
High,0.01,20.98,53.03,Delivery Truck,Corporate,Office Supplies,Storage & Organization,Jumbo Drum,South,Kentucky,Covington,41011,2/23/2015,2/23/2015,-282.0818,123
Critical,0.01,128.24,12.65,Regular Air,Corporate,Furniture,Chairs & Chairmats,Medium Box,South,Kentucky,Covington,41011,4/18/2015,4/21/2015,140.1354,554.08
Low,0.02,48.04,5.09,Regular Air,Corporate,Office Supplies,Paper,Small Box,West,California,Manteca,95336,1/13/2015,1/13/2015,105.2526,152.54
Critical,0.03,6.37,5.19,Regular Air,Corporate,Office Supplies,Binders and Binder Accessories,Small Box,West,California,Manteca,95336,2/1/2015,2/2/2015,-29.0927,89.79
Low,0.07,12.64,4.98,Regular Air,Home Office,Furniture,Office Furnishings,Small Pack,Central,Missouri,Clayton,63105,6/5/2015,6/12/2015,113.415,199.76
Medium,0.02,150.98,13.99,Express Air,Small Business,Technology,Office Machines,Medium Box,West,Oregon,Redmond,97756,6/22/2015,6/24/2015,26.1,480.37
Medium,0.1,5.43,0.95,Regular Air,Small Business,Office Supplies,Paper,Wrap Bag,West,Oregon,Redmond,97756,6/22/2015,6/24/2015,-2.58,5.76
Medium,0.01,179.29,29.21,Delivery Truck,Small Business,Furniture,Tables,Jumbo Box,West,Oregon,Redmond,97756,6/22/2015,6/23/2015,2800.12,3112.13
Not Specified,0.03,1270.99,19.99,Regular Air,Consumer,Office Supplies,Binders and Binder Accessories,Small Box,South,Tennessee,Farragut,37922,1/20/2015,1/22/2015,363.552,2589.01
Not Specified,0.07,2036.48,14.7,Delivery Truck,Consumer,Technology,Office Machines,Jumbo Drum,South,Tennessee,Farragut,37922,1/20/2015,1/22/2015,-11.536,1893.93
High,0.09,17.98,8.51,Regular Air,Home Office,Technology,Office Machines,Medium Box,West,Arizona,Mesa,85204,5/25/2015,5/27/2015,-6.612,211.13
Not Specified,0,1.88,1.49,Regular Air,Home Office,Office Supplies,Binders and Binder Accessories,Small Box,West,Arizona,Mesa,85204,1/17/2015,1/18/2015,-15.5595,25.39
Not Specified,0.06,5.78,5.67,Regular Air,Home Office,Office Supplies,Paper,Small Box,West,Arizona,Mesa,85204,1/17/2015,1/18/2015,-108.19,87.27
Low,0,15.99,13.18,Regular Air,Corporate,Office Supplies,Binders and Binder Accessories,Small Box,South,Virginia,Montclair,22025,4/21/2015,4/25/2015,46.488,403.25
Medium,0.05,59.78,10.29,Regular Air,Small Business,Office Supplies,Binders and Binder Accessories,Small Box,Central,Illinois,Urbana,61801,5/14/2015,5/15/2015,159.5297,414.49
Medium,0.08,20.99,1.25,Regular Air,Small Business,Technology,Telephones and Communication,Small Pack,Central,Illinois,Vernon Hills,60061,5/14/2015,5/16/2015,15.3714,469.69
Medium,0.05,204.1,13.99,Regular Air,Small Business,Technology,Office Machines,Medium Box,Central,Illinois,Vernon Hills,60061,5/23/2015,5/25/2015,5924.1123,8585.67
Not Specified,0.03,13.73,6.85,Express Air,Corporate,Furniture,Office Furnishings,Wrap Bag,East,West Virginia,Morgantown,26501,6/14/2015,6/15/2015,39.5853,57.37
Not Specified,0.02,7.1,6.05,Regular Air,Corporate,Office Supplies,Binders and Binder Accessories,Small Box,West,New Mexico,Roswell,88201,1/20/2015,1/20/2015,-66.378,66.32
High,0.05,1.68,1.57,Regular Air,Corporate,Office Supplies,Pens & Art Supplies,Wrap Bag,Central,Texas,Seguin,78155,1/30/2015,1/31/2015,-33.34,18.75
High,0.1,218.75,69.64,Delivery Truck,Corporate,Furniture,Tables,Jumbo Box,Central,Texas,Seguin,78155,1/30/2015,2/1/2015,-201.276,188.51
Medium,0.06,549.99,49,Delivery Truck,Corporate,Technology,Copiers and Fax,Jumbo Drum,Central,Texas,Seguin,78155,6/12/2015,6/13/2015,4637.4072,6720.88
Medium,0.08,115.99,5.99,Express Air,Corporate,Technology,Telephones and Communication,Small Box,Central,Texas,Seguin,78155,6/12/2015,6/13/2015,-239.5415,102.21
High,0,15.04,1.97,Regular Air,Corporate,Office Supplies,Paper,Wrap Bag,Central,Texas,Sherman,75090,1/30/2015,2/1/2015,21.5142,31.18
Medium,0,6.88,2,Express Air,Home Office,Office Supplies,Paper,Wrap Bag,West,California,Los Angeles,90008,1/28/2015,1/29/2015,34.068,267.53
Not Specified,0.07,2036.48,14.7,Delivery Truck,Corporate,Technology,Office Machines,Jumbo Drum,West,California,Los Angeles,90008,2/21/2015,2/21/2015,4073.25,43046.2
Low,0.01,4.98,7.44,Regular Air,Corporate,Office Supplies,Paper,Small Box,West,California,Los Angeles,90008,4/15/2015,4/24/2015,-179.592,330.21
Medium,0.08,124.49,51.94,Delivery Truck,Corporate,Furniture,Tables,Jumbo Box,West,California,Los Angeles,90008,6/18/2015,6/19/2015,-500.38,6831.37
Not Specified,0.07,2036.48,14.7,Delivery Truck,Corporate,Technology,Office Machines,Jumbo Drum,West,Utah,Pleasant Grove,84062,2/21/2015,2/21/2015,6028.41,10331.09
Low,0.01,4.98,7.44,Regular Air,Corporate,Office Supplies,Paper,Small Box,West,Utah,Pleasant Grove,84062,4/15/2015,4/24/2015,-161.6328,83.86
Medium,0.08,124.49,51.94,Delivery Truck,Corporate,Furniture,Tables,Jumbo Box,West,Utah,Pleasant Grove,84062,6/18/2015,6/19/2015,-250.19,1707.84
Medium,0,6.88,2,Express Air,Home Office,Office Supplies,Paper,Wrap Bag,West,Utah,Provo,84604,1/28/2015,1/29/2015,46.1472,66.88
Medium,0.03,32.48,35,Express Air,Home Office,Office Supplies,Storage & Organization,Large Box,West,Utah,Provo,84604,1/28/2015,1/28/2015,-1116.3348,274.91
Critical,0.02,280.98,57,Delivery Truck,Consumer,Furniture,Chairs & Chairmats,Jumbo Drum,South,Mississippi,Columbus,39701,3/4/2015,3/5/2015,1141.794,1128.74
Not Specified,0.09,70.97,3.5,Regular Air,Consumer,Office Supplies,Appliances,Small Box,South,Mississippi,Columbus,39701,4/15/2015,4/15/2015,-99.568,805.99
Medium,0.08,67.28,19.99,Express Air,Consumer,Office Supplies,Binders and Binder Accessories,Small Box,South,Mississippi,Columbus,39701,4/1/2015,4/3/2015,224.8506,1066.54
Low,0.06,7.99,5.03,Regular Air,Consumer,Technology,Telephones and Communication,Medium Box,West,Nevada,Henderson,89015,1/13/2015,1/13/2015,-122.133,65.74
Critical,0.05,4.13,5.04,Regular Air,Home Office,Office Supplies,Binders and Binder Accessories,Small Box,Central,Illinois,Pekin,61554,3/13/2015,3/14/2015,-12.1555,5.84
High,0.08,415.88,11.37,Regular Air,Corporate,Office Supplies,Storage & Organization,Small Box,Central,Illinois,Pekin,61554,2/26/2015,2/27/2015,-269.0844,405.57
Low,0.06,4.48,49,Regular Air,Corporate,Office Supplies,Appliances,Large Box,West,California,Pomona,91767,1/13/2015,1/17/2015,-566,32.6
Medium,0.03,162.93,19.99,Regular Air,Corporate,Office Supplies,Envelopes,Small Box,East,Connecticut,Naugatuck,6770,5/13/2015,5/14/2015,293.14,515.88
Medium,0.01,11.58,5.72,Regular Air,Corporate,Office Supplies,Envelopes,Small Box,East,Connecticut,Seymour,6478,5/13/2015,5/15/2015,-6.61,25.06
Medium,0.01,55.99,5,Regular Air,Corporate,Technology,Telephones and Communication,Small Pack,East,Maine,Auburn,4210,5/13/2015,5/14/2015,-57.541,578.24
Not Specified,0.04,15.51,17.78,Regular Air,Corporate,Office Supplies,Storage & Organization,Small Box,East,Massachusetts,Woburn,1801,1/21/2015,1/23/2015,-266.22,116.93
Medium,0.06,13.9,7.59,Regular Air,Corporate,Office Supplies,"Scissors, Rulers and Trimmers",Small Pack,East,New Hampshire,Concord,3301,5/13/2015,5/14/2015,-67.59,170.45
Critical,0.08,30.53,19.99,Regular Air,Small Business,Office Supplies,Labels,Small Box,Central,Illinois,Wilmette,60091,1/17/2015,1/17/2015,-239.8656,285.87
Critical,0.01,1.68,1.57,Regular Air,Small Business,Office Supplies,Pens & Art Supplies,Wrap Bag,Central,Illinois,Woodridge,60517,1/17/2015,1/19/2015,-53.444,20.37
Critical,0.09,13.79,8.78,Regular Air,Consumer,Furniture,Office Furnishings,Small Box,Central,Indiana,Anderson,46016,3/15/2015,3/17/2015,-22.12,17.44
Critical,0.04,39.48,1.99,Regular Air,Consumer,Technology,Computer Peripherals,Small Pack,Central,Indiana,Anderson,46016,6/19/2015,6/22/2015,484.8492,702.68
Critical,0.04,3.7,1.61,Regular Air,Consumer,Furniture,Office Furnishings,Wrap Bag,Central,Indiana,Anderson,46016,6/19/2015,6/20/2015,18,67.24
Critical,0.03,3.8,1.49,Regular Air,Consumer,Office Supplies,Binders and Binder Accessories,Small Box,Central,Indiana,Carmel,46032,2/15/2015,2/17/2015,15.2745,24.27
Critical,0.07,7.98,1.25,Regular Air,Consumer,Office Supplies,Paper,Wrap Bag,Central,Indiana,Carmel,46032,2/15/2015,2/17/2015,26.5857,38.53
Critical,0.07,417.4,75.23,Delivery Truck,Consumer,Furniture,Tables,Jumbo Box,Central,Indiana,Carmel,46032,2/15/2015,2/16/2015,-575.352,4910.72
Not Specified,0.1,6.48,5.9,Regular Air,Small Business,Office Supplies,Paper,Small Box,Central,Indiana,Columbus,47201,6/10/2015,6/10/2015,-51.635,116.8
Medium,0.06,6.48,7.37,Regular Air,Corporate,Office Supplies,Paper,Small Box,East,Maryland,Reisterstown,21136,3/13/2015,3/14/2015,-75.44,32.39
Not Specified,0.02,35.99,5,Regular Air,Home Office,Technology,Telephones and Communication,Small Box,West,Colorado,Pueblo,81001,2/3/2015,2/5/2015,-120.934,227.79
Critical,0.09,154.13,69,Express Air,Corporate,Furniture,Tables,Large Box,West,California,Los Angeles,90045,3/14/2015,3/15/2015,-1763.7477,5679.59
Critical,0.03,1.88,1.49,Regular Air,Home Office,Office Supplies,Binders and Binder Accessories,Small Box,West,California,Los Angeles,90045,1/24/2015,1/25/2015,-15.0995,102.32
Critical,0.09,154.13,69,Express Air,Corporate,Furniture,Tables,Large Box,East,New York,West Islip,11795,3/14/2015,3/15/2015,-1763.7477,1494.63
Not Specified,0.02,15.57,1.39,Regular Air,Consumer,Office Supplies,Envelopes,Small Box,West,Colorado,Pueblo,81001,4/29/2015,4/30/2015,23.5428,46.23
Not Specified,0.02,20.89,11.52,Regular Air,Consumer,Office Supplies,Storage & Organization,Small Box,West,Colorado,Pueblo,81001,4/29/2015,4/30/2015,-276.1128,279.28
Critical,0.06,17.98,4,Regular Air,Consumer,Technology,Computer Peripherals,Small Box,West,Colorado,Pueblo West,81007,3/24/2015,3/25/2015,-78.13,70.06
Not Specified,0.06,5.38,5.24,Express Air,Consumer,Office Supplies,Binders and Binder Accessories,Small Box,West,Colorado,Pueblo West,81007,4/29/2015,4/30/2015,-64.67094,81.82
Not Specified,0.03,7.35,5.96,Regular Air,Consumer,Office Supplies,Paper,Small Box,West,Colorado,Pueblo West,81007,4/29/2015,4/30/2015,-11.1132,13.16
Critical,0.03,14.2,5.3,Regular Air,Consumer,Furniture,Office Furnishings,Wrap Bag,Central,Michigan,Southgate,48195,1/7/2015,1/8/2015,107.02,205.98
Medium,0.1,6.88,2,Regular Air,Home Office,Office Supplies,Paper,Wrap Bag,East,Connecticut,Newington,6111,2/26/2015,2/27/2015,18.42,31.46
Medium,0.06,195.99,8.99,Regular Air,Home Office,Technology,Telephones and Communication,Small Box,East,Maine,Auburn,4210,2/26/2015,2/28/2015,349.47,948.97
High,0.05,6.48,8.4,Regular Air,Home Office,Office Supplies,Paper,Small Box,East,New Hampshire,Manchester,3101,4/1/2015,4/3/2015,-226.3464,136.99
High,0.05,55.99,5,Regular Air,Home Office,Technology,Telephones and Communication,Small Pack,East,Vermont,Rutland,5701,4/1/2015,4/1/2015,-281.17584,99.36
Medium,0.02,419.19,19.99,Regular Air,Corporate,Office Supplies,Storage & Organization,Small Box,East,Ohio,Steubenville,43952,4/21/2015,4/22/2015,6610.2,9580
High,0.01,2.08,5.33,Regular Air,Corporate,Furniture,Office Furnishings,Small Box,Central,Minnesota,Saint Paul,55106,4/5/2015,4/5/2015,-103.7124,28.32
High,0.03,370.98,99,Delivery Truck,Corporate,Office Supplies,Storage & Organization,Jumbo Drum,Central,Minnesota,Saint Paul,55106,4/5/2015,4/6/2015,-124.2864,2309.49
Low,0.06,160.98,35.02,Delivery Truck,Consumer,Furniture,Bookcases,Jumbo Box,West,California,Santa Clara,95051,3/20/2015,3/24/2015,-229.68,1232.01
Critical,0.06,65.99,8.8,Express Air,Consumer,Technology,Telephones and Communication,Small Box,West,California,Santa Cruz,95062,4/30/2015,5/1/2015,288.09,506.38
Critical,0,195.99,4.2,Express Air,Consumer,Technology,Telephones and Communication,Small Box,West,California,Santa Cruz,95062,4/30/2015,5/2/2015,719.4768,1042.72
Not Specified,0,236.97,59.24,Delivery Truck,Consumer,Furniture,Tables,Jumbo Box,West,California,Santa Maria,93454,2/14/2015,2/15/2015,1192.04,1769.91
Not Specified,0,236.97,59.24,Delivery Truck,Consumer,Furniture,Tables,Jumbo Box,West,Washington,Seattle,98119,2/14/2015,2/15/2015,1192.04,6686.34
Low,0.06,160.98,35.02,Delivery Truck,Consumer,Furniture,Bookcases,Jumbo Box,West,Washington,Seattle,98119,3/20/2015,3/24/2015,-229.68,4620.05
Critical,0.06,65.99,8.8,Express Air,Consumer,Technology,Telephones and Communication,Small Box,West,Washington,Seattle,98119,4/30/2015,5/1/2015,288.09,1912.98
Critical,0,195.99,4.2,Express Air,Consumer,Technology,Telephones and Communication,Small Box,West,Washington,Seattle,98119,4/30/2015,5/2/2015,1030.509,4170.87
Low,0.03,51.75,19.99,Regular Air,Corporate,Furniture,Office Furnishings,Small Box,Central,Minnesota,Shakopee,55379,6/17/2015,6/22/2015,261.444,818.81
Not Specified,0.02,25.38,8.99,Regular Air,Home Office,Furniture,Office Furnishings,Small Pack,Central,Illinois,Bolingbrook,60440,6/21/2015,6/22/2015,-10.36,34.11
Medium,0.02,3.78,0.71,Regular Air,Home Office,Office Supplies,Rubber Bands,Wrap Bag,Central,Illinois,Buffalo Grove,60089,5/29/2015,5/30/2015,106.7499,154.71
High,0.08,15.99,13.18,Regular Air,Consumer,Office Supplies,Binders and Binder Accessories,Small Box,West,Nevada,Las Vegas,89115,1/7/2015,1/8/2015,-246.92616,192.33
Low,0.04,880.98,44.55,Delivery Truck,Consumer,Furniture,Bookcases,Jumbo Box,West,Nevada,Las Vegas,89115,2/15/2015,2/19/2015,4233.2588,6901.25
Low,0.07,13.4,4.95,Regular Air,Consumer,Furniture,Office Furnishings,Small Pack,West,Nevada,Las Vegas,89115,2/15/2015,2/20/2015,102.7686,148.94
Low,0.01,15.99,11.28,Regular Air,Consumer,Technology,Office Machines,Medium Box,West,Nevada,Las Vegas,89115,2/15/2015,2/22/2015,-36.671544,200.68
Not Specified,0,2.78,1.49,Express Air,Consumer,Office Supplies,Binders and Binder Accessories,Small Box,West,California,Rancho Cucamonga,91730,4/16/2015,4/17/2015,20.6448,29.92
Critical,0.1,18.97,9.03,Regular Air,Consumer,Office Supplies,Paper,Small Box,East,Massachusetts,Oxford,1540,1/19/2015,1/21/2015,-24.2048,19.73
Critical,0,119.99,56.14,Delivery Truck,Consumer,Technology,Office Machines,Jumbo Box,East,Vermont,South Burlington,5403,1/19/2015,1/20/2015,-126.05778,615.54
Critical,0.02,14.58,7.4,Regular Air,Home Office,Furniture,Office Furnishings,Small Box,East,Ohio,Steubenville,43952,5/29/2015,6/1/2015,10.802,261.34
Low,0.04,22.72,8.99,Regular Air,Corporate,Furniture,Office Furnishings,Small Pack,South,Tennessee,Murfreesboro,37130,1/16/2015,1/20/2015,-678.496,202.41
Critical,0.02,130.98,30,Delivery Truck,Corporate,Furniture,Chairs & Chairmats,Jumbo Drum,South,Tennessee,Murfreesboro,37130,4/18/2015,4/19/2015,90.762,793.39
Low,0.02,4.57,5.42,Regular Air,Corporate,Office Supplies,Binders and Binder Accessories,Small Box,South,Tennessee,Nashville,37211,4/22/2015,4/26/2015,-352.814,54.04
Low,0.04,22.72,8.99,Regular Air,Corporate,Furniture,Office Furnishings,Small Pack,Central,Texas,Dallas,75203,1/16/2015,1/20/2015,70.028,832.14
Low,0.02,4.57,5.42,Regular Air,Corporate,Office Supplies,Binders and Binder Accessories,Small Box,Central,Texas,Dallas,75203,4/22/2015,4/26/2015,-124.2805,221.06
Medium,0.09,2.89,0.5,Regular Air,Home Office,Office Supplies,Labels,Small Box,Central,Iowa,Ottumwa,52501,3/20/2015,3/22/2015,40.4823,58.67
Medium,0.02,48.91,5.81,Regular Air,Home Office,Office Supplies,Paper,Small Box,Central,Iowa,Ottumwa,52501,3/20/2015,3/21/2015,32.86,101.06
Low,0.08,296.18,54.12,Delivery Truck,Home Office,Furniture,Tables,Jumbo Box,South,Virginia,Montclair,22025,3/5/2015,3/12/2015,-187.222,1429.81
Low,0.07,2.88,1.01,Regular Air,Small Business,Office Supplies,Pens & Art Supplies,Wrap Bag,Central,Iowa,Newton,50208,2/5/2015,2/9/2015,9.59,34.97
Low,0.1,195.99,3.99,Regular Air,Small Business,Technology,Telephones and Communication,Small Box,Central,Iowa,Newton,50208,2/5/2015,2/12/2015,-655.424,308.86
Critical,0.06,161.55,19.99,Regular Air,Small Business,Office Supplies,Storage & Organization,Small Box,Central,Missouri,Raytown,64133,1/2/2015,1/3/2015,-7.58,485.01
Medium,0.04,15.42,10.68,Express Air,Corporate,Office Supplies,Storage & Organization,Small Box,South,Virginia,Rose Hill,24281,4/22/2015,4/23/2015,-109.704,81.14
Medium,0.01,3.95,5.13,Regular Air,Corporate,Office Supplies,Appliances,Small Box,West,Washington,Spanaway,98387,3/4/2015,3/5/2015,-19.93,10.11
Medium,0.02,367.99,19.99,Regular Air,Corporate,Office Supplies,Binders and Binder Accessories,Small Box,West,Washington,Spanaway,98387,3/4/2015,3/5/2015,4568.6073,6621.17
Medium,0.04,95.99,4.9,Regular Air,Corporate,Technology,Telephones and Communication,Small Box,West,Washington,Spokane,99207,3/4/2015,3/6/2015,-258.225,253.78
Medium,0.06,17.67,8.99,Express Air,Small Business,Furniture,Office Furnishings,Small Pack,Central,Nebraska,Papillion,68046,4/7/2015,4/8/2015,38.06,69.96
Critical,0.07,279.48,35,Regular Air,Small Business,Office Supplies,Storage & Organization,Large Box,Central,Missouri,Saint Louis,63116,5/16/2015,5/16/2015,-207.28,2716.09
Low,0.06,4.18,2.99,Regular Air,Small Business,Office Supplies,Binders and Binder Accessories,Small Box,Central,Missouri,Saint Louis,63116,3/6/2015,3/8/2015,-12.719,21.34
Medium,0.07,1.7,1.99,Regular Air,Small Business,Technology,Computer Peripherals,Small Pack,Central,Missouri,Saint Peters,63376,2/4/2015,2/5/2015,-51.42,17.42
High,0.09,6.48,6.35,Regular Air,Home Office,Office Supplies,Paper,Small Box,West,Washington,Tacoma,98408,3/21/2015,3/22/2015,-88.6,49.81
Low,0.02,500.98,41.44,Delivery Truck,Small Business,Furniture,Bookcases,Jumbo Box,West,Colorado,Thornton,80229,3/25/2015,3/25/2015,2568.4629,3722.41
Low,0.09,5.34,2.99,Express Air,Small Business,Office Supplies,Binders and Binder Accessories,Small Box,West,Colorado,Thornton,80229,3/8/2015,3/15/2015,9.486,95.1
Low,0.07,140.98,53.48,Delivery Truck,Small Business,Furniture,Bookcases,Jumbo Box,West,Colorado,Thornton,80229,3/8/2015,3/15/2015,-263.65,734.74
Low,0.06,205.99,5.26,Regular Air,Small Business,Technology,Telephones and Communication,Small Box,West,Colorado,Thornton,80229,3/8/2015,3/15/2015,890.181,1882.87
High,0,230.98,23.78,Delivery Truck,Small Business,Furniture,Tables,Jumbo Box,West,Colorado,Thornton,80229,5/5/2015,5/7/2015,6095.8602,8834.58
Medium,0.06,8.12,2.83,Regular Air,Corporate,Technology,Computer Peripherals,Small Pack,Central,Indiana,Crown Point,46307,3/27/2015,3/28/2015,-82.83,78.54
Medium,0.05,51.65,18.45,Regular Air,Corporate,Furniture,Office Furnishings,Medium Box,Central,Indiana,Crown Point,46307,3/27/2015,3/28/2015,25.04,605.1
Low,0.1,40.48,19.99,Regular Air,Corporate,Technology,Computer Peripherals,Small Box,Central,Indiana,Crown Point,46307,4/7/2015,4/9/2015,-580.32,355.84
Medium,0.1,175.99,8.99,Regular Air,Corporate,Technology,Telephones and Communication,Small Box,Central,Indiana,East Chicago,46312,3/27/2015,3/28/2015,928.9608,1346.32
Critical,0.08,14.81,13.32,Regular Air,Corporate,Office Supplies,Appliances,Small Box,Central,Indiana,East Chicago,46312,2/7/2015,2/9/2015,-131.6172,292.18
Medium,0.06,8.12,2.83,Regular Air,Corporate,Technology,Computer Peripherals,Small Pack,West,Washington,Seattle,98105,3/27/2015,3/28/2015,-82.83,322.03
Medium,0.05,51.65,18.45,Regular Air,Corporate,Furniture,Office Furnishings,Medium Box,West,Washington,Seattle,98105,3/27/2015,3/28/2015,25.04,2470.84
Medium,0.1,175.99,8.99,Regular Air,Corporate,Technology,Telephones and Communication,Small Box,West,Washington,Seattle,98105,3/27/2015,3/28/2015,930.987,5250.66
Low,0.1,40.48,19.99,Regular Air,Corporate,Technology,Computer Peripherals,Small Box,West,Washington,Seattle,98105,4/7/2015,4/9/2015,-580.32,1423.35
Critical,0.08,14.81,13.32,Regular Air,Corporate,Office Supplies,Appliances,Small Box,West,Washington,Seattle,98105,2/7/2015,2/9/2015,-253.11,1154.12
Medium,0.03,5.28,5.61,Regular Air,Consumer,Office Supplies,Paper,Small Box,West,California,Los Angeles,90041,4/23/2015,4/24/2015,-16.67,32.5
Critical,0.02,6.47,1.22,Regular Air,Consumer,Office Supplies,Pens & Art Supplies,Wrap Bag,West,California,Los Angeles,90041,6/6/2015,6/7/2015,40.2,193.95
Critical,0.07,2.84,0.93,Regular Air,Consumer,Office Supplies,Pens & Art Supplies,Wrap Bag,West,California,Los Angeles,90041,6/6/2015,6/8/2015,3.21,158.8
High,0.01,7.89,2.82,Regular Air,Consumer,Office Supplies,Rubber Bands,Wrap Bag,West,California,Los Angeles,90041,6/30/2015,7/1/2015,38.7,274.26
High,0.09,3.68,1.32,Regular Air,Consumer,Office Supplies,"Scissors, Rulers and Trimmers",Wrap Bag,West,California,Los Angeles,90041,6/30/2015,7/1/2015,-21.91,83.16
High,0.1,9.71,9.45,Regular Air,Consumer,Office Supplies,Storage & Organization,Small Box,West,California,Los Angeles,90041,6/30/2015,7/3/2015,-119.77,261.93
Medium,0.07,5.02,5.14,Regular Air,Consumer,Technology,Computer Peripherals,Small Pack,West,California,Los Angeles,90041,1/29/2015,1/31/2015,-168.72,210.1
Medium,0.07,280.98,57,Delivery Truck,Consumer,Furniture,Chairs & Chairmats,Jumbo Drum,West,California,Los Angeles,90041,1/29/2015,1/31/2015,-439.62,6499.87
Medium,0.1,4.26,1.2,Regular Air,Consumer,Office Supplies,Pens & Art Supplies,Wrap Bag,West,California,Los Angeles,90041,5/20/2015,5/21/2015,15.42,351.56
Medium,0.1,4.26,1.2,Regular Air,Consumer,Office Supplies,Pens & Art Supplies,Wrap Bag,West,California,Santa Maria,93454,5/20/2015,5/21/2015,33.924,87.89
Medium,0.03,5.28,5.61,Regular Air,Consumer,Office Supplies,Paper,Small Box,West,California,Santa Rosa,95404,4/23/2015,4/24/2015,-16.67,6.5
High,0.01,7.89,2.82,Regular Air,Consumer,Office Supplies,Rubber Bands,Wrap Bag,West,California,Santa Rosa,95404,6/30/2015,7/1/2015,46.44,68.56
High,0.09,3.68,1.32,Regular Air,Consumer,Office Supplies,"Scissors, Rulers and Trimmers",Wrap Bag,West,California,Santa Rosa,95404,6/30/2015,7/1/2015,-17.528,20.79
High,0.1,9.71,9.45,Regular Air,Consumer,Office Supplies,Storage & Organization,Small Box,West,California,Santa Rosa,95404,6/30/2015,7/3/2015,-95.816,67.91
Critical,0.07,2.84,0.93,Regular Air,Consumer,Office Supplies,Pens & Art Supplies,Wrap Bag,East,Massachusetts,Winthrop,2152,6/6/2015,6/8/2015,3.852,40.37
Not Specified,0,8.5,1.99,Regular Air,Corporate,Technology,Computer Peripherals,Small Pack,West,Nevada,Pahrump,89041,2/28/2015,3/2/2015,71.7356,122.25
Not Specified,0.03,95.43,19.99,Regular Air,Corporate,Office Supplies,Storage & Organization,Small Box,West,Nevada,Pahrump,89041,2/28/2015,3/2/2015,-79.3208,206.09
Not Specified,0.04,10.64,5.16,Regular Air,Corporate,Furniture,Office Furnishings,Small Box,Central,Indiana,Frankfort,46041,6/24/2015,6/25/2015,24.096,66.9
Not Specified,0.03,2.78,1.34,Express Air,Corporate,Office Supplies,Pens & Art Supplies,Wrap Bag,Central,Indiana,Frankfort,46041,6/24/2015,6/26/2015,6.972,43.13
Medium,0.01,7.28,11.15,Regular Air,Corporate,Office Supplies,Paper,Small Box,Central,Indiana,Frankfort,46041,4/11/2015,4/13/2015,-24.246,11.21
Medium,0.09,125.99,8.99,Regular Air,Consumer,Technology,Telephones and Communication,Small Box,East,Connecticut,Stratford,6614,3/15/2015,3/16/2015,-605.374,100.38
Medium,0.1,17.98,4,Regular Air,Consumer,Technology,Computer Peripherals,Small Box,East,Maine,Lewiston,4240,3/15/2015,3/16/2015,-99.55,66.32
High,0.09,101.41,35,Regular Air,Consumer,Office Supplies,Storage & Organization,Large Box,East,Massachusetts,Burlington,1803,4/26/2015,4/27/2015,-801.1548,1178.32
Not Specified,0.06,350.98,30,Delivery Truck,Consumer,Furniture,Chairs & Chairmats,Jumbo Drum,East,New Hampshire,Salem,3079,6/15/2015,6/17/2015,797.856,2016.32
Low,0.02,48.04,5.79,Regular Air,Consumer,Office Supplies,Paper,Small Box,East,New Jersey,Bloomfield,7003,6/7/2015,6/14/2015,422.4525,612.25
Not Specified,0.02,70.98,46.74,Delivery Truck,Consumer,Furniture,Bookcases,Jumbo Box,East,New Jersey,Cranford,7016,6/15/2015,6/16/2015,-178.216,313.63
Not Specified,0.04,27.48,4,Regular Air,Consumer,Technology,Computer Peripherals,Small Box,East,New Jersey,Summit,7901,6/15/2015,6/17/2015,-26.656,397.17
Low,0.02,59.98,3.99,Regular Air,Corporate,Office Supplies,Appliances,Small Box,West,Arizona,Oro Valley,85737,1/28/2015,2/6/2015,-54.622,63.48
Low,0.03,5.18,5.74,Regular Air,Corporate,Office Supplies,Binders and Binder Accessories,Small Box,West,Arizona,Oro Valley,85737,1/28/2015,2/1/2015,-126.81418,47.64
Medium,0.03,119.99,56.14,Delivery Truck,Consumer,Technology,Office Machines,Jumbo Box,West,Arizona,Oro Valley,85737,1/17/2015,1/19/2015,1400.1,1545.58
Low,0.09,125.99,8.99,Regular Air,Consumer,Technology,Telephones and Communication,Small Box,West,Arizona,Oro Valley,85737,5/25/2015,6/2/2015,916.6806,2104.99
Medium,0.05,115.79,1.99,Regular Air,Consumer,Technology,Computer Peripherals,Small Pack,West,Arizona,Peoria,85345,1/17/2015,1/19/2015,67.6,353.1
Not Specified,0.09,27.75,19.99,Regular Air,Corporate,Office Supplies,Storage & Organization,Small Box,South,Kentucky,Florence,41042,1/12/2015,1/13/2015,-224.644,257.52
Low,0.06,130.98,54.74,Delivery Truck,Corporate,Furniture,Bookcases,Jumbo Box,South,Kentucky,Georgetown,40324,2/27/2015,3/6/2015,14.76,411.64
Critical,0.06,2.61,0.5,Express Air,Corporate,Office Supplies,Labels,Small Box,West,Arizona,Prescott,86301,3/11/2015,3/11/2015,10.85,17.59
Critical,0.01,6.35,1.02,Regular Air,Corporate,Office Supplies,Paper,Wrap Bag,West,Arizona,Prescott,86301,3/11/2015,3/13/2015,97.6626,141.54
High,0.06,218.75,69.64,Delivery Truck,Corporate,Furniture,Tables,Jumbo Box,West,Arizona,Prescott Valley,86314,6/4/2015,6/5/2015,-453.2,905.4
Low,0.06,119.99,14,Delivery Truck,Consumer,Technology,Office Machines,Jumbo Drum,West,Arizona,Prescott Valley,86314,4/12/2015,4/19/2015,-207.679788,243.86
Not Specified,0.03,37.94,5.08,Regular Air,Home Office,Office Supplies,Paper,Wrap Bag,West,Oregon,Tualatin,97062,2/11/2015,2/13/2015,-7.5244,39.97
Low,0,20.99,3.3,Regular Air,Small Business,Technology,Telephones and Communication,Small Pack,Central,Illinois,Quincy,62301,5/29/2015,6/5/2015,-92.961,92.96
Not Specified,0,125.99,8.99,Regular Air,Small Business,Technology,Telephones and Communication,Small Box,West,Washington,Vancouver,98661,4/27/2015,4/29/2015,613.89576,1362.2
Critical,0.1,31.78,1.99,Regular Air,Corporate,Technology,Computer Peripherals,Small Pack,Central,Illinois,Rock Island,61201,1/30/2015,2/1/2015,232.2816,336.64
Critical,0.08,30.73,4,Regular Air,Small Business,Technology,Computer Peripherals,Small Box,West,Oregon,Tualatin,97062,3/19/2015,3/19/2015,-45.07,429.33
Critical,0.05,14.56,3.5,Regular Air,Small Business,Office Supplies,Appliances,Small Box,West,Oregon,West Linn,97068,3/19/2015,3/21/2015,-8.53,44.66
Critical,0,299.99,11.64,Regular Air,Small Business,Technology,Copiers and Fax,Large Box,West,Oregon,West Linn,97068,3/19/2015,3/21/2015,285.95,1619.95
Critical,0.08,7.77,9.23,Regular Air,Small Business,Office Supplies,Appliances,Small Box,East,Pennsylvania,Allentown,18103,1/14/2015,1/16/2015,-209.25,56.44
Critical,0.1,18.97,9.54,Express Air,Small Business,Office Supplies,Paper,Small Box,East,Pennsylvania,Allentown,18103,1/14/2015,1/16/2015,-9.1636,56.73
Low,0.02,4.06,6.89,Express Air,Small Business,Office Supplies,Appliances,Small Box,East,Pennsylvania,Allentown,18103,5/17/2015,5/21/2015,12.706,64.41
Low,0.07,9.49,5.76,Regular Air,Small Business,Technology,Office Machines,Medium Box,East,Pennsylvania,Allentown,18103,5/17/2015,5/21/2015,7.71516,344.57
High,0.04,34.76,5.49,Regular Air,Small Business,Office Supplies,Storage & Organization,Small Box,West,California,Whittier,90604,4/29/2015,4/30/2015,192.5169,279.01
Low,0.02,100.98,35.84,Delivery Truck,Small Business,Furniture,Bookcases,Jumbo Box,East,Connecticut,Bristol,6010,1/6/2015,1/6/2015,-134.912,614.99
Medium,0,8.34,4.82,Regular Air,Home Office,Office Supplies,Paper,Small Box,West,California,Mission Viejo,92691,4/6/2015,4/7/2015,-5.05,76.23
Not Specified,0.09,6.48,9.68,Regular Air,Corporate,Office Supplies,Paper,Small Box,Central,Oklahoma,Mustang,73064,6/21/2015,6/22/2015,-204.16,99.92
Not Specified,0.06,8.6,6.19,Regular Air,Corporate,Office Supplies,Binders and Binder Accessories,Small Box,Central,Nebraska,Papillion,68046,3/11/2015,3/12/2015,-46.115,79.4
Not Specified,0.1,14.42,6.75,Regular Air,Corporate,Office Supplies,Appliances,Medium Box,Central,Nebraska,Papillion,68046,6/19/2015,6/22/2015,-20.104,15.49
Not Specified,0.04,9.11,2.25,Regular Air,Corporate,Office Supplies,Pens & Art Supplies,Wrap Bag,West,Utah,Roy,84067,6/1/2015,6/4/2015,-3.496,18.59
Not Specified,0.07,64.65,35,Regular Air,Corporate,Office Supplies,Storage & Organization,Large Box,West,Utah,Roy,84067,6/1/2015,6/3/2015,-717.072,834.08
Low,0.09,6.48,6.86,Regular Air,Corporate,Office Supplies,Paper,Small Box,West,Utah,Roy,84067,3/6/2015,3/8/2015,-62.23,50.88
Not Specified,0.01,150.98,30,Delivery Truck,Consumer,Furniture,Chairs & Chairmats,Jumbo Drum,South,South Carolina,Hilton Head Island,29915,1/6/2015,1/8/2015,131.382,958.46
Not Specified,0.01,28.28,13.99,Express Air,Consumer,Office Supplies,Storage & Organization,Medium Box,South,South Carolina,Hilton Head Island,29915,1/6/2015,1/8/2015,-89.292,368.84
Not Specified,0.03,35.99,1.1,Regular Air,Consumer,Technology,Telephones and Communication,Small Box,South,South Carolina,Hilton Head Island,29915,1/6/2015,1/7/2015,-211.036,30.86
Low,0.04,50.98,6.5,Regular Air,Consumer,Technology,Computer Peripherals,Small Box,West,Utah,Roy,84067,3/28/2015,4/3/2015,-13.28,568.25
Low,0.02,6.48,5.14,Regular Air,Consumer,Office Supplies,Paper,Small Box,West,Utah,Roy,84067,3/28/2015,3/30/2015,-48.68,126.66
Medium,0.03,35.99,5,Regular Air,Small Business,Technology,Telephones and Communication,Small Box,South,Florida,New Smyrna Beach,32168,4/29/2015,4/30/2015,-184.548,93.82
Critical,0.06,179.99,13.99,Express Air,Small Business,Technology,Telephones and Communication,Medium Box,South,Florida,Miami,33132,1/9/2015,1/11/2015,1220.03784,8332.91
Low,0.09,5.84,0.83,Regular Air,Small Business,Office Supplies,Pens & Art Supplies,Wrap Bag,West,Washington,Walla Walla,99362,5/21/2015,5/25/2015,-2.87,5.9
Low,0.04,6.24,5.22,Regular Air,Small Business,Furniture,Office Furnishings,Small Box,South,Tennessee,Smyrna,37167,1/12/2015,1/17/2015,4.3809,80.23
Low,0.09,260.98,41.91,Delivery Truck,Small Business,Furniture,Bookcases,Jumbo Box,South,Tennessee,Spring Hill,37174,1/12/2015,1/19/2015,-100.744,2044.9
Critical,0,11.97,4.98,Regular Air,Home Office,Office Supplies,Appliances,Small Box,Central,Texas,Abilene,79605,5/21/2015,5/24/2015,3.384,53.3
Medium,0.01,6.98,1.6,Regular Air,Home Office,Office Supplies,Paper,Wrap Bag,Central,Texas,Amarillo,79109,5/25/2015,5/26/2015,0.346,21.93
Not Specified,0.01,5.18,2.04,Regular Air,Corporate,Office Supplies,Paper,Wrap Bag,South,Arkansas,Texarkana,71854,2/22/2015,2/24/2015,-17.654,28.46
High,0.01,14.42,6.75,Regular Air,Corporate,Office Supplies,Appliances,Medium Box,West,Colorado,Wheat Ridge,80033,1/24/2015,1/24/2015,-13.826,89.91
High,0,11.66,8.99,Express Air,Corporate,Office Supplies,Pens & Art Supplies,Small Pack,West,California,Gilroy,95020,1/9/2015,1/11/2015,-203.67,138.51
Not Specified,0.07,6.08,0.91,Regular Air,Corporate,Office Supplies,Pens & Art Supplies,Wrap Bag,West,California,Goleta,93117,3/7/2015,3/8/2015,19.57,41.96
Low,0.1,50.98,22.24,Regular Air,Corporate,Furniture,Office Furnishings,Large Box,West,California,Hacienda Heights,91745,2/25/2015,2/27/2015,98.12,300.63
Not Specified,0.08,19.9,5.29,Regular Air,Corporate,Office Supplies,Appliances,Medium Box,West,California,Hacienda Heights,91745,3/7/2015,3/9/2015,107.11,240.46
Not Specified,0.02,3.36,6.27,Regular Air,Corporate,Office Supplies,Binders and Binder Accessories,Small Box,West,California,Hacienda Heights,91745,3/7/2015,3/9/2015,-216.154,74.08
Critical,0.06,1.26,0.7,Regular Air,Corporate,Office Supplies,Rubber Bands,Wrap Bag,West,California,Hacienda Heights,91745,4/30/2015,4/30/2015,-6.6096,5.28
High,0.05,4.24,5.41,Regular Air,Small Business,Office Supplies,Binders and Binder Accessories,Small Box,West,California,Hesperia,92345,3/16/2015,3/18/2015,-89.217,50.83
Critical,0.06,1.76,0.7,Regular Air,Corporate,Office Supplies,Pens & Art Supplies,Wrap Bag,East,Connecticut,Branford,6405,4/30/2015,5/2/2015,1.2236,39.26
Critical,0.02,24.98,8.79,Regular Air,Corporate,Office Supplies,Storage & Organization,Small Box,East,Connecticut,Danbury,6810,4/30/2015,5/1/2015,4.3148,606.51
Critical,0.05,35.99,5.99,Express Air,Corporate,Technology,Telephones and Communication,Wrap Bag,East,Maine,Lewiston,4240,4/30/2015,5/2/2015,-125.83296,64.89
Critical,0.03,14.2,5.3,Regular Air,Corporate,Furniture,Office Furnishings,Wrap Bag,Central,Indiana,East Chicago,46312,5/27/2015,5/28/2015,122.21,267.2
Low,0.04,6.48,5.16,Express Air,Corporate,Office Supplies,Paper,Small Box,Central,Indiana,East Chicago,46312,2/26/2015,3/2/2015,-11.1332,86.79
Not Specified,0.04,29.18,8.55,Express Air,Corporate,Furniture,Office Furnishings,Small Box,Central,Minnesota,Shoreview,55126,2/25/2015,2/27/2015,201.7353,292.37
Not Specified,0,80.98,35,Regular Air,Corporate,Office Supplies,Storage & Organization,Large Box,Central,Minnesota,Shoreview,55126,2/25/2015,2/27/2015,-684.78,682.79
Critical,0.06,6.48,8.88,Regular Air,Corporate,Office Supplies,Paper,Small Box,Central,Minnesota,Shoreview,55126,3/6/2015,3/7/2015,-237.47,125.77
Critical,0.09,349.45,60,Delivery Truck,Corporate,Furniture,Tables,Jumbo Drum,Central,Minnesota,Shoreview,55126,3/6/2015,3/7/2015,-2946.051,3918.98
Not Specified,0.03,14.2,5.3,Regular Air,Home Office,Furniture,Office Furnishings,Wrap Bag,West,Nevada,Reno,89502,3/15/2015,3/17/2015,21.5556,31.24
Not Specified,0.01,5.94,9.92,Regular Air,Home Office,Office Supplies,Binders and Binder Accessories,Small Box,West,Nevada,Reno,89502,5/20/2015,5/23/2015,-239.315,74.77
Not Specified,0,6.48,5.11,Regular Air,Home Office,Office Supplies,Paper,Small Box,West,Nevada,Reno,89502,5/20/2015,5/22/2015,-33.31,127.81
High,0.04,4.37,5.15,Regular Air,Small Business,Office Supplies,Appliances,Small Box,West,Utah,Salt Lake City,84106,2/21/2015,2/22/2015,-74.4796,78.59
High,0.09,155.99,8.99,Regular Air,Small Business,Technology,Telephones and Communication,Small Box,West,Utah,Salt Lake City,84106,2/21/2015,2/23/2015,-232.22056,497.11
Critical,0.07,5.68,1.39,Regular Air,Small Business,Office Supplies,Envelopes,Small Box,West,Arizona,Scottsdale,85254,3/25/2015,3/27/2015,18.6438,27.02
Critical,0.06,22.84,11.54,Regular Air,Small Business,Office Supplies,Paper,Small Box,West,Arizona,Scottsdale,85254,3/25/2015,3/27/2015,-31.24,27.67
Critical,0.06,25.98,14.36,Delivery Truck,Corporate,Furniture,Chairs & Chairmats,Jumbo Drum,Central,Texas,Amarillo,79109,5/24/2015,5/25/2015,55.888,1033.56
Critical,0.08,1.81,0.75,Regular Air,Consumer,Furniture,Chairs & Chairmats,Jumbo Drum,Central,Texas,Bedford,76021,1/5/2015,1/6/2015,1.3224,19.97
Critical,0.04,125.99,5.26,Regular Air,Consumer,Technology,Telephones and Communication,Small Box,Central,Texas,Bedford,76021,1/5/2015,1/5/2015,455.4207,660.03
Critical,0.01,8.34,0.96,Regular Air,Corporate,Furniture,Office Furnishings,Wrap Bag,East,District of Columbia,Washington,20024,1/10/2015,1/12/2015,29.332,199.12
Critical,0.06,3.28,3.97,Regular Air,Corporate,Office Supplies,Pens & Art Supplies,Wrap Bag,East,District of Columbia,Washington,20024,1/10/2015,1/11/2015,-86,63.14
Low,0.02,1.14,0.7,Regular Air,Corporate,Office Supplies,Rubber Bands,Wrap Bag,East,District of Columbia,Washington,20024,2/2/2015,2/2/2015,-0.49,44.85
Critical,0.01,8.34,0.96,Regular Air,Corporate,Furniture,Office Furnishings,Wrap Bag,Central,Texas,Denton,76201,1/10/2015,1/12/2015,34.3482,49.78
Critical,0.06,3.28,3.97,Regular Air,Corporate,Office Supplies,Pens & Art Supplies,Wrap Bag,Central,Texas,Denton,76201,1/10/2015,1/11/2015,-66.65,16.62
Critical,0.06,47.98,3.61,Regular Air,Corporate,Technology,Computer Peripherals,Small Pack,Central,Texas,Denton,76201,6/20/2015,6/22/2015,35.955,517.68
High,0.04,90.97,28,Delivery Truck,Small Business,Technology,Office Machines,Jumbo Drum,East,New York,New York City,10039,1/12/2015,1/13/2015,-173.0952,573.31
High,0.07,20.34,35,Regular Air,Small Business,Office Supplies,Storage & Organization,Large Box,East,New York,New York City,10039,1/12/2015,1/13/2015,-96.16,140.23
Not Specified,0.02,12.53,0.49,Regular Air,Small Business,Office Supplies,Labels,Small Box,East,New York,New York City,10039,1/27/2015,1/27/2015,263.4,594.44
Not Specified,0.07,5.18,2.04,Express Air,Small Business,Office Supplies,Paper,Wrap Bag,East,New York,New York City,10039,1/27/2015,1/29/2015,37.31,228.5
High,0.04,90.97,28,Delivery Truck,Small Business,Technology,Office Machines,Jumbo Drum,East,Pennsylvania,Altoona,16602,1/12/2015,1/13/2015,-173.0952,191.1
High,0.07,20.34,35,Regular Air,Small Business,Office Supplies,Storage & Organization,Large Box,East,Pennsylvania,Altoona,16602,1/12/2015,1/13/2015,-96.16,28.05
Not Specified,0.02,12.53,0.49,Regular Air,Small Business,Office Supplies,Labels,Small Box,East,Pennsylvania,Altoona,16602,1/27/2015,1/27/2015,104.7213,151.77
Not Specified,0.07,5.18,2.04,Express Air,Small Business,Office Supplies,Paper,Wrap Bag,East,Pennsylvania,Altoona,16602,1/27/2015,1/29/2015,37.31,57.13
Not Specified,0,5.98,1.49,Regular Air,Consumer,Office Supplies,Binders and Binder Accessories,Small Box,East,Massachusetts,Wilmington,1887,3/12/2015,3/14/2015,80.6748,116.92
Critical,0.09,35.99,5.99,Regular Air,Home Office,Technology,Telephones and Communication,Wrap Bag,South,Kentucky,Henderson,42420,2/26/2015,2/27/2015,114.3165,151.6
Medium,0.09,2.6,2.4,Regular Air,Home Office,Office Supplies,Pens & Art Supplies,Wrap Bag,South,Kentucky,Henderson,42420,6/17/2015,6/19/2015,1107.408,31.73
Critical,0,5.28,5.61,Regular Air,Corporate,Office Supplies,Paper,Small Box,South,Arkansas,Texarkana,71854,5/14/2015,5/14/2015,-149.212,85.26
Not Specified,0.05,7.64,5.83,Regular Air,Corporate,Office Supplies,Paper,Wrap Bag,East,West Virginia,Wheeling,26003,1/31/2015,2/2/2015,-21.018,16.6
Not Specified,0.04,218.75,69.64,Delivery Truck,Corporate,Furniture,Tables,Jumbo Box,East,West Virginia,Wheeling,26003,1/31/2015,2/1/2015,-655.529875,2285.41
High,0.01,59.76,9.71,Regular Air,Corporate,Office Supplies,Storage & Organization,Small Box,East,West Virginia,Wheeling,26003,4/4/2015,4/6/2015,354.3288,513.52
High,0.06,350.98,30,Delivery Truck,Home Office,Furniture,Chairs & Chairmats,Jumbo Drum,Central,Texas,Bryan,77803,1/4/2015,1/5/2015,-489.4156,346.52
Low,0.05,161.55,19.99,Regular Air,Corporate,Office Supplies,Storage & Organization,Small Box,Central,Texas,Burleson,76028,1/4/2015,1/11/2015,35.31,499.31
High,0.05,35.51,6.31,Regular Air,Consumer,Office Supplies,Storage & Organization,Small Box,West,California,Rancho Cucamonga,91730,4/12/2015,4/14/2015,6.11,73.1
Critical,0.09,58.14,36.61,Delivery Truck,Corporate,Furniture,Bookcases,Jumbo Box,West,California,Rancho Cucamonga,91730,5/20/2015,5/21/2015,187.412,2115.06
High,0.1,8.34,2.64,Regular Air,Consumer,Office Supplies,"Scissors, Rulers and Trimmers",Small Pack,West,California,Redding,96003,4/12/2015,4/12/2015,-6.34,47.95
Low,0.1,15.98,4,Regular Air,Corporate,Technology,Computer Peripherals,Small Box,West,California,Redlands,92374,3/27/2015,4/1/2015,92.7222,134.38
High,0.03,8.04,8.94,Regular Air,Consumer,Office Supplies,Binders and Binder Accessories,Small Box,West,California,Redlands,92374,4/12/2015,4/14/2015,-160.2755,76.77
Not Specified,0.01,65.99,8.99,Express Air,Small Business,Technology,Telephones and Communication,Small Box,West,California,Rancho Cucamonga,91730,5/20/2015,5/21/2015,396.972,782
Critical,0.03,2.18,1.38,Regular Air,Small Business,Office Supplies,Rubber Bands,Wrap Bag,East,Maine,Augusta,4330,4/6/2015,4/6/2015,-7.04,15.73
Critical,0.01,170.98,35.89,Delivery Truck,Small Business,Furniture,Bookcases,Jumbo Box,East,New Jersey,Old Bridge,8857,4/6/2015,4/8/2015,538.52,1719.07
Critical,0.05,6.04,2.14,Express Air,Corporate,Office Supplies,Paper,Wrap Bag,West,California,Redlands,92374,2/17/2015,2/19/2015,-4.14,8.41
Not Specified,0.05,5.98,5.46,Regular Air,Corporate,Office Supplies,Paper,Small Box,West,California,Redlands,92374,6/27/2015,6/27/2015,-31.885,104.95
Not Specified,0.01,65.99,3.99,Regular Air,Corporate,Technology,Telephones and Communication,Small Box,West,California,Redondo Beach,90278,6/27/2015,6/28/2015,-95.2105,166.59
Low,0.09,100.98,35.84,Delivery Truck,Home Office,Furniture,Bookcases,Jumbo Box,East,Connecticut,New Milford,6776,4/14/2015,4/19/2015,-193.58,396.19
Not Specified,0.03,31.74,12.62,Regular Air,Home Office,Office Supplies,Binders and Binder Accessories,Small Box,West,California,Saratoga,95070,3/6/2015,3/6/2015,-4.301,98.7
Critical,0.09,90.98,56.2,Express Air,Home Office,Furniture,Office Furnishings,Medium Box,East,Maine,Auburn,4210,3/1/2015,3/2/2015,-1570.32,1782.44
Critical,0.08,14.2,5.3,Express Air,Home Office,Furniture,Office Furnishings,Wrap Bag,East,New Jersey,Bayonne,7002,1/11/2015,1/13/2015,27.23,72.11
Critical ,0.06,40.98,2.99,Regular Air,Consumer,Office Supplies,Binders and Binder Accessories,Small Box,West,California,Los Angeles,90049,1/2/2015,1/4/2015,-19.0992,124.81
Low,0.02,48.04,5.09,Regular Air,Consumer,Office Supplies,Paper,Small Box,West,California,Los Angeles,90049,3/22/2015,3/26/2015,373.67,881.32
Critical,0.06,40.98,2.99,Regular Air,Consumer,Office Supplies,Binders and Binder Accessories,Small Box,Central,Minnesota,Prior Lake,55372,1/2/2015,1/4/2015,-14.80188,41.6
Low,0.05,1500.97,29.7,Delivery Truck,Consumer,Technology,Office Machines,Jumbo Drum,Central,Minnesota,Prior Lake,55372,3/22/2015,3/22/2015,-2561.3235,1497.22
Low,0.02,48.04,5.09,Regular Air,Consumer,Office Supplies,Paper,Small Box,Central,Minnesota,Prior Lake,55372,3/22/2015,3/26/2015,168.9189,244.81
Low,0.03,4.28,1.6,Regular Air,Consumer,Office Supplies,Pens & Art Supplies,Wrap Bag,Central,Minnesota,Prior Lake,55372,3/22/2015,3/29/2015,-6.2,4.55
Low,0.1,7.31,0.49,Regular Air,Small Business,Office Supplies,Labels,Small Box,Central,Texas,Highland Village,75067,2/12/2015,2/21/2015,19.0647,27.63
Low,0.08,6.7,1.56,Regular Air,Small Business,Office Supplies,Pens & Art Supplies,Wrap Bag,Central,Texas,Highland Village,75067,2/12/2015,2/12/2015,10.56,31.21
Not Specified,0.01,145.45,17.85,Delivery Truck,Corporate,Technology,Office Machines,Jumbo Drum,Central,Texas,Burleson,76028,3/22/2015,3/23/2015,837.6807,1214.03
Low,0.03,2.94,0.96,Regular Air,Home Office,Office Supplies,Pens & Art Supplies,Wrap Bag,West,California,Redondo Beach,90278,2/4/2015,2/8/2015,-4.2,3.51
Not Specified,0.05,124.49,51.94,Delivery Truck,Home Office,Furniture,Tables,Jumbo Box,West,California,Redwood City,94061,2/24/2015,2/24/2015,-44.1636,120.12
Low,0.03,2.94,0.96,Regular Air,Home Office,Office Supplies,Pens & Art Supplies,Wrap Bag,Central,Illinois,Chicago,60610,2/4/2015,2/8/2015,-4.2,7.01
Medium,0,170.98,35.89,Delivery Truck,Consumer,Furniture,Bookcases,Jumbo Box,South,Virginia,Rose Hill,24281,4/20/2015,4/21/2015,-102.662,1452.18
Low,0.03,284.98,69.55,Delivery Truck,Corporate,Furniture,Chairs & Chairmats,Jumbo Drum,West,California,Riverside,92503,2/28/2015,3/5/2015,-116.584,619.38
Low,0,12.99,14.37,Regular Air,Corporate,Furniture,Office Furnishings,Large Box,West,California,Riverside,92503,2/28/2015,2/28/2015,12.8961,18.69
Low,0.1,2.22,5,Regular Air,Corporate,Office Supplies,Appliances,Small Box,East,Massachusetts,Boston,2108,4/4/2015,4/9/2015,-21.3192,8.8
Medium,0,37.76,12.9,Regular Air,Corporate,Office Supplies,Storage & Organization,Small Box,East,Vermont,South Burlington,5403,2/5/2015,2/6/2015,93.8468,477.2
Low,0.09,300.97,7.18,Regular Air,Corporate,Technology,Computer Peripherals,Small Box,South,Arkansas,Searcy,72143,4/27/2015,4/27/2015,17.772,2848.38
High,0.05,4.28,5.17,Regular Air,Small Business,Office Supplies,Paper,Small Box,West,California,Oxnard,93030,2/19/2015,2/19/2015,-104.57,38.58
High,0.1,400.98,76.37,Delivery Truck,Small Business,Furniture,Tables,Jumbo Box,East,Maine,Sanford,4073,3/14/2015,3/15/2015,-969.048366,810.47
Low,0.09,7.64,5.83,Regular Air,Small Business,Office Supplies,Paper,Wrap Bag,East,Maine,West Scarborough,4070,5/10/2015,5/15/2015,4.032,72.83
Low,0.08,67.84,0.99,Regular Air,Small Business,Office Supplies,Appliances,Small Box,East,New Jersey,Bayonne,7002,1/24/2015,1/29/2015,-23.6344,63.66
High,0.08,45.19,1.99,Regular Air,Small Business,Technology,Computer Peripherals,Small Pack,East,New Jersey,Ridgewood,7450,3/14/2015,3/15/2015,-71.83,127.22
High,0.03,33.98,19.99,Regular Air,Small Business,Furniture,Office Furnishings,Small Box,East,Vermont,Bennington,5201,3/14/2015,3/15/2015,-0.74,432.44
Low,0.06,10.14,2.27,Regular Air,Small Business,Office Supplies,Paper,Wrap Bag,Central,Illinois,Buffalo Grove,60089,3/4/2015,3/4/2015,-3.88,12.18
High,0.02,40.99,17.48,Regular Air,Small Business,Office Supplies,Paper,Small Box,Central,Illinois,Buffalo Grove,60089,2/27/2015,2/28/2015,551.0928,950.43
High,0.01,3.15,0.49,Regular Air,Home Office,Office Supplies,Labels,Small Box,East,Maine,Gorham,4038,5/25/2015,5/27/2015,17.5053,25.37
High,0.1,550.98,45.7,Delivery Truck,Corporate,Furniture,Tables,Jumbo Box,East,Maine,Saco,4072,6/19/2015,6/21/2015,818.546175,6963.67
Critical,0.09,28.48,1.99,Regular Air,Home Office,Technology,Computer Peripherals,Small Pack,South,Arkansas,Bryant,72022,3/1/2015,3/2/2015,-17.15,160.17
Critical,0,2.08,5.33,Regular Air,Home Office,Furniture,Office Furnishings,Small Box,South,Arkansas,Bryant,72022,3/1/2015,3/3/2015,-29.54,7.47
Critical,0.06,45.99,4.99,Express Air,Home Office,Technology,Telephones and Communication,Small Box,South,Arkansas,Bryant,72022,3/1/2015,3/2/2015,-329.784,370.81
Not Specified,0.08,10.91,2.99,Regular Air,Home Office,Office Supplies,Binders and Binder Accessories,Small Box,South,Arkansas,Bryant,72022,3/5/2015,3/6/2015,-2.1,119.99
Medium,0,43.98,8.99,Regular Air,Home Office,Office Supplies,Pens & Art Supplies,Small Pack,South,North Carolina,Apex,27502,3/18/2015,3/18/2015,829.467,650.7
High,0.02,6.48,7.86,Express Air,Home Office,Office Supplies,Paper,Small Box,South,North Carolina,Asheville,28806,6/12/2015,6/13/2015,111.222,11.41
Medium,0.05,35.89,14.72,Regular Air,Home Office,Office Supplies,Envelopes,Small Box,South,North Carolina,Cary,27511,4/8/2015,4/9/2015,22.866,680.39
Medium,0,11.48,5.43,Regular Air,Home Office,Office Supplies,Paper,Small Box,South,North Carolina,Cary,27511,4/8/2015,4/8/2015,115.728,75.52
Critical,0.09,517.48,16.63,Delivery Truck,Small Business,Technology,Office Machines,Jumbo Box,Central,Kansas,Pittsburg,66762,3/7/2015,3/7/2015,909.36,2354.54
Critical,0.07,4.13,5.04,Regular Air,Small Business,Office Supplies,Binders and Binder Accessories,Small Box,Central,Kansas,Pittsburg,66762,2/6/2015,2/7/2015,-76.4244,79.06
Critical,0,4.48,2.5,Regular Air,Small Business,Office Supplies,Envelopes,Small Box,Central,Kansas,Pittsburg,66762,2/6/2015,2/8/2015,8.732,65.14
Critical,0.02,39.06,10.55,Regular Air,Small Business,Office Supplies,Binders and Binder Accessories,Small Box,East,Pennsylvania,Wilkinsburg,15221,5/15/2015,5/15/2015,442.0899,640.71
Critical,0.1,37.7,2.99,Regular Air,Small Business,Office Supplies,Binders and Binder Accessories,Small Box,East,Pennsylvania,Wilkinsburg,15221,5/15/2015,5/16/2015,455.124,659.6
Not Specified,0.08,65.99,5.92,Regular Air,Small Business,Technology,Telephones and Communication,Small Box,East,New York,Central Islip,11722,2/7/2015,2/7/2015,624.40164,1137.6
High,0.1,5.98,3.85,Regular Air,Small Business,Technology,Computer Peripherals,Small Pack,East,New York,Central Islip,11722,5/29/2015,5/30/2015,18.922,151.55
High,0.07,2.61,0.5,Regular Air,Small Business,Office Supplies,Labels,Small Box,East,New York,Central Islip,11722,5/29/2015,6/1/2015,39.3507,57.03
High,0.1,73.98,4,Regular Air,Small Business,Technology,Computer Peripherals,Small Box,East,New York,Cheektowaga,14225,3/12/2015,3/13/2015,-229.87,347.23
High,0.05,51.98,10.17,Regular Air,Small Business,Technology,Office Machines,Medium Box,East,New York,Cheektowaga,14225,3/12/2015,3/13/2015,329.9787,478.23
Medium,0.07,7.08,2.35,Express Air,Small Business,Office Supplies,Pens & Art Supplies,Wrap Bag,East,New York,Commack,11725,3/29/2015,3/30/2015,30.49,93.82
Not Specified,0.05,83.1,6.13,Express Air,Small Business,Technology,Computer Peripherals,Small Box,East,New York,Commack,11725,5/8/2015,5/9/2015,1152.5277,1670.33
Critical,0.07,125.99,2.5,Regular Air,Home Office,Technology,Telephones and Communication,Small Box,East,Ohio,Delaware,43015,3/13/2015,3/13/2015,-604.406,100.59
Critical,0.03,99.99,19.99,Regular Air,Home Office,Technology,Computer Peripherals,Small Box,East,Ohio,Dublin,43017,3/13/2015,3/14/2015,293.66,598.38
Critical,0.1,7.64,5.83,Regular Air,Corporate,Office Supplies,Paper,Wrap Bag,South,Florida,Belle Glade,33430,6/16/2015,6/17/2015,-403.1874,39.36
Critical,0.06,55.94,4,Regular Air,Small Business,Technology,Computer Peripherals,Small Box,West,California,Woodland,95695,4/17/2015,4/18/2015,-13.77,322.77
Critical,0.07,6.3,0.5,Regular Air,Small Business,Office Supplies,Labels,Small Box,West,California,Woodland,95695,4/17/2015,4/17/2015,44.9121,65.09
Critical,0,14.42,6.75,Express Air,Small Business,Office Supplies,Appliances,Medium Box,West,California,Yuba City,95991,5/16/2015,5/17/2015,9.33,98.96
Critical,0.02,209.84,21.21,Regular Air,Home Office,Furniture,Office Furnishings,Large Box,West,California,Los Angeles,90004,6/14/2015,6/14/2015,2593.14,13546.94
Critical,0.01,194.3,11.54,Regular Air,Home Office,Furniture,Office Furnishings,Large Box,West,California,Los Angeles,90004,6/14/2015,6/16/2015,1162.76,6401.65
High,0,6.68,5.66,Regular Air,Home Office,Office Supplies,Paper,Small Box,West,California,Los Angeles,90004,2/27/2015,2/28/2015,-76.94,617.4
High,0,6.68,5.66,Regular Air,Home Office,Office Supplies,Paper,Small Box,East,Massachusetts,Boston,2109,2/27/2015,2/28/2015,-40.0088,157.78
Not Specified,0.03,5.44,7.46,Express Air,Corporate,Office Supplies,Binders and Binder Accessories,Small Box,West,Arizona,Surprise,85374,5/25/2015,5/27/2015,-51.704,26.31
Not Specified,0.08,26.38,5.58,Regular Air,Corporate,Office Supplies,Paper,Small Box,West,Arizona,Surprise,85374,5/25/2015,5/26/2015,144.7482,209.78
Not Specified,0.06,20.99,2.5,Regular Air,Corporate,Technology,Telephones and Communication,Wrap Bag,West,Arizona,Surprise,85374,5/25/2015,5/27/2015,-112.189,17.83
Medium,0.09,138.75,52.42,Delivery Truck,Small Business,Furniture,Tables,Jumbo Box,South,Georgia,Atlanta,30318,3/24/2015,3/25/2015,-445.9717763,2527.79
Low,0.07,6.3,0.5,Regular Air,Small Business,Office Supplies,Labels,Small Box,South,Georgia,Atlanta,30318,5/30/2015,5/30/2015,4.1674,121.87
Medium,0.09,138.75,52.42,Delivery Truck,Small Business,Furniture,Tables,Jumbo Box,East,New York,Coram,11727,3/24/2015,3/25/2015,-335.317125,659.42
Low,0.04,22.38,15.1,Regular Air,Small Business,Office Supplies,Binders and Binder Accessories,Small Box,East,New York,Coram,11727,5/30/2015,6/7/2015,16.0218,403.53
Low,0.06,17.78,5.03,Regular Air,Small Business,Furniture,Office Furnishings,Small Box,East,New York,Coram,11727,5/30/2015,6/2/2015,38.0673,55.17
Critical,0.01,15.99,13.18,Regular Air,Corporate,Office Supplies,Binders and Binder Accessories,Small Box,Central,Illinois,Burbank,60459,2/18/2015,2/20/2015,-99.43544,377.44
Low,0.04,22.84,16.87,Regular Air,Home Office,Office Supplies,Paper,Small Box,Central,Illinois,Calumet City,60409,3/16/2015,3/16/2015,-97.28,286.4
Medium,0.02,15.94,5.45,Regular Air,Home Office,Office Supplies,Pens & Art Supplies,Small Pack,Central,Illinois,Carbondale,62901,5/14/2015,5/15/2015,139.612,664.34
Not Specified,0.01,150.89,60.2,Delivery Truck,Corporate,Furniture,Chairs & Chairmats,Jumbo Drum,East,Pennsylvania,Bethlehem,18018,3/27/2015,3/30/2015,-505.76,473.53
High,0.04,19.23,6.15,Regular Air,Home Office,Furniture,Office Furnishings,Small Pack,Central,Illinois,Romeoville,60441,3/9/2015,3/10/2015,152.4348,220.92
Not Specified,0.08,13.9,7.59,Regular Air,Corporate,Office Supplies,"Scissors, Rulers and Trimmers",Small Pack,Central,Illinois,Saint Charles,60174,5/8/2015,5/9/2015,9.862,196.41
Not Specified,0.07,55.99,5,Express Air,Corporate,Technology,Telephones and Communication,Small Pack,Central,Illinois,Springfield,62701,3/31/2015,4/2/2015,-232.991,54.08
Not Specified,0.05,7.64,5.83,Regular Air,Home Office,Office Supplies,Paper,Wrap Bag,East,New York,Deer Park,11729,1/5/2015,1/6/2015,-40.2752,47.18
High,0.04,9.06,9.86,Regular Air,Home Office,Office Supplies,Paper,Small Box,East,New York,Deer Park,11729,4/24/2015,4/25/2015,-53.25,30.87
Not Specified,0.06,30.42,8.65,Regular Air,Corporate,Technology,Computer Peripherals,Small Box,East,New York,Deer Park,11729,5/13/2015,5/15/2015,-159.25,309.05
Not Specified,0.02,37.94,5.08,Regular Air,Corporate,Office Supplies,Paper,Wrap Bag,East,New York,Deer Park,11729,5/13/2015,5/14/2015,206.517,299.3
High,0.04,14.27,7.27,Regular Air,Home Office,Office Supplies,Binders and Binder Accessories,Small Box,East,New York,Dix Hills,11746,4/24/2015,4/25/2015,2.125,45.24
Medium,0.02,15.14,4.53,Regular Air,Small Business,Office Supplies,Storage & Organization,Small Box,West,California,Oxnard,93030,5/5/2015,5/6/2015,5.884,51.02
Not Specified,0.05,328.14,91.05,Delivery Truck,Home Office,Office Supplies,Appliances,Jumbo Drum,Central,Nebraska,Omaha,68046,4/10/2015,4/11/2015,772.04,2291.39
Not Specified,0.05,328.14,91.05,Delivery Truck,Home Office,Office Supplies,Appliances,Jumbo Drum,East,New York,New York City,10282,4/10/2015,4/11/2015,772.04,9492.92
Medium,0.04,6.35,1.02,Regular Air,Small Business,Office Supplies,Paper,Wrap Bag,Central,Texas,Dallas,75220,5/20/2015,5/23/2015,81.91,318.47
High,0.01,9.31,3.98,Regular Air,Small Business,Office Supplies,"Scissors, Rulers and Trimmers",Small Pack,Central,Texas,Dallas,75220,5/21/2015,5/22/2015,-10.9,586.96
Not Specified,0.08,140.81,24.49,Regular Air,Consumer,Furniture,Chairs & Chairmats,Large Box,Central,Texas,Dallas,75220,6/6/2015,6/8/2015,1232.79,11272.77
High,0.01,9.31,3.98,Regular Air,Small Business,Office Supplies,"Scissors, Rulers and Trimmers",Small Pack,Central,Texas,Lake Jackson,77566,5/21/2015,5/22/2015,2.18,144.33
Medium,0.09,31.74,12.62,Express Air,Small Business,Office Supplies,Binders and Binder Accessories,Small Box,Central,Texas,Lancaster,75146,5/20/2015,5/20/2015,67.1075,270.55
Medium,0.04,6.35,1.02,Regular Air,Small Business,Office Supplies,Paper,Wrap Bag,Central,Texas,Lancaster,75146,5/20/2015,5/23/2015,54.9378,79.62
Medium,0.02,65.99,8.99,Express Air,Small Business,Technology,Telephones and Communication,Small Box,Central,Texas,Lancaster,75146,5/20/2015,5/21/2015,168.237,479.79
Medium,0.08,8.37,10.16,Regular Air,Consumer,Furniture,Office Furnishings,Large Box,Central,Texas,Laredo,78041,6/29/2015,6/29/2015,-169.232,108.99
Not Specified,0.03,300.98,54.92,Delivery Truck,Corporate,Furniture,Bookcases,Jumbo Box,West,California,Yucaipa,92399,4/2/2015,4/4/2015,1272.5808,3527.82
Not Specified,0.02,2550.14,29.7,Delivery Truck,Corporate,Technology,Office Machines,Jumbo Drum,West,California,Yucaipa,92399,4/2/2015,4/4/2015,-5390.738892,4698.21
Critical,0.01,2.89,0.5,Regular Air,Corporate,Office Supplies,Labels,Small Box,West,Colorado,Arvada,80004,4/6/2015,4/7/2015,29.7252,43.08
Critical,0,55.99,5,Regular Air,Corporate,Technology,Telephones and Communication,Small Pack,West,Colorado,Arvada,80004,4/6/2015,4/8/2015,-187.11,258.93
Not Specified,0.06,64.65,35,Regular Air,Home Office,Office Supplies,Storage & Organization,Large Box,West,Arizona,Tucson,85705,2/5/2015,2/6/2015,-139.2872,277.6
Low,0.04,19.98,8.68,Regular Air,Consumer,Office Supplies,Paper,Small Box,West,California,Temecula,92592,2/7/2015,2/14/2015,108,168.04
Low,0.08,125.99,7.69,Regular Air,Consumer,Technology,Telephones and Communication,Small Box,West,California,Temecula,92592,2/7/2015,2/9/2015,377.154,703.46
High,0.03,7.3,7.72,Regular Air,Small Business,Office Supplies,Binders and Binder Accessories,Small Box,West,California,Roseville,95661,3/15/2015,3/18/2015,-127.052,103.61
High,0.09,175.99,4.99,Regular Air,Small Business,Technology,Telephones and Communication,Small Box,West,California,Roseville,95661,6/20/2015,6/22/2015,2169.7464,3144.56
High,0.09,160.98,35.02,Delivery Truck,Small Business,Furniture,Bookcases,Jumbo Box,East,Connecticut,Norwich,6360,6/20/2015,6/21/2015,-229.93,2653.02
Medium,0.02,4.06,6.89,Regular Air,Consumer,Office Supplies,Appliances,Small Box,Central,Texas,Eagle Pass,78852,2/24/2015,2/26/2015,-93.7352,66.81
Low,0.04,4.71,0.7,Regular Air,Consumer,Office Supplies,Rubber Bands,Wrap Bag,Central,Texas,Eagle Pass,78852,6/22/2015,6/26/2015,4.53,90.52
Low,0.06,4.2,2.26,Regular Air,Consumer,Office Supplies,Paper,Wrap Bag,Central,Texas,Edinburg,78539,6/22/2015,6/27/2015,9.78,55.97
Low,0.04,8.6,6.19,Regular Air,Home Office,Office Supplies,Binders and Binder Accessories,Small Box,East,Massachusetts,Boston,2118,2/16/2015,2/23/2015,-63.8135,311.66
Low,0.07,699.99,24.49,Regular Air,Home Office,Technology,Copiers and Fax,Large Box,East,Massachusetts,Boston,2118,2/16/2015,2/20/2015,325.29,9862.51
Not Specified,0.05,5.78,7.64,Express Air,Corporate,Office Supplies,Paper,Small Box,East,Massachusetts,Boston,2118,3/29/2015,3/31/2015,-116.05,177.41
Medium,0.02,7.64,1.39,Regular Air,Home Office,Office Supplies,Envelopes,Small Box,East,Massachusetts,Boston,2118,5/21/2015,5/23/2015,117.38,406.91
Low,0.03,30.98,6.5,Regular Air,Corporate,Technology,Computer Peripherals,Small Box,East,Massachusetts,Boston,2118,6/13/2015,6/17/2015,-144.2,1332.09
Low,0.02,4.98,6.07,Regular Air,Home Office,Office Supplies,Paper,Small Box,East,Massachusetts,Boston,2118,1/26/2015,1/28/2015,-46.92,105.5
Medium,0.02,7.64,1.39,Regular Air,Home Office,Office Supplies,Envelopes,Small Box,Central,Texas,El Paso,79907,5/21/2015,5/23/2015,70.1937,101.73
Medium,0.06,6.37,5.19,Regular Air,Corporate,Office Supplies,Binders and Binder Accessories,Small Box,Central,Texas,Euless,76039,2/10/2015,2/11/2015,-48.2195,37.7
Low,0.04,8.6,6.19,Regular Air,Home Office,Office Supplies,Binders and Binder Accessories,Small Box,Central,Texas,Euless,76039,2/16/2015,2/23/2015,-63.8135,75.81
Low,0.07,699.99,24.49,Regular Air,Home Office,Technology,Copiers and Fax,Large Box,Central,Texas,Euless,76039,2/16/2015,2/20/2015,325.29,2630
Low,0.03,30.98,6.5,Regular Air,Corporate,Technology,Computer Peripherals,Small Box,Central,Texas,Euless,76039,6/13/2015,6/17/2015,-115.36,333.02
Low,0.02,4.98,6.07,Regular Air,Home Office,Office Supplies,Paper,Small Box,Central,Texas,Farmers Branch,75234,1/26/2015,1/28/2015,-46.92,27.76
High,0.09,270.97,28.06,Delivery Truck,Consumer,Technology,Office Machines,Jumbo Drum,Central,Illinois,Carol Stream,60188,1/2/2015,1/4/2015,2660.1432,3855.28
Medium,0.02,160.98,30,Delivery Truck,Home Office,Furniture,Chairs & Chairmats,Jumbo Drum,Central,Texas,The Colony,75056,2/16/2015,2/19/2015,-51.116,192.49
Medium,0.05,363.25,19.99,Regular Air,Home Office,Office Supplies,Appliances,Small Box,Central,Texas,Waco,76706,1/4/2015,1/6/2015,1766.7795,2560.55
Medium,0.01,18.97,9.54,Regular Air,Home Office,Office Supplies,Paper,Small Box,Central,Texas,Waco,76706,6/6/2015,6/9/2015,85.875,227.67
Low,0.05,7.59,4,Regular Air,Corporate,Furniture,Office Furnishings,Wrap Bag,East,Massachusetts,South Hadley,1075,6/9/2015,6/9/2015,6.0927,8.83
Critical,0.09,9.11,2.15,Express Air,Consumer,Office Supplies,Paper,Wrap Bag,West,California,Montebello,90640,1/2/2015,1/4/2015,20.2996,34.41
Critical,0.08,15.04,1.97,Regular Air,Consumer,Office Supplies,Paper,Wrap Bag,West,California,Montebello,90640,1/2/2015,1/2/2015,108.5163,157.27
High,0.06,175.99,8.99,Regular Air,Consumer,Technology,Telephones and Communication,Small Box,East,Massachusetts,Tewksbury,1876,2/14/2015,2/15/2015,48.47148,1013.84
High,0.04,100.98,35.84,Delivery Truck,Consumer,Furniture,Bookcases,Jumbo Box,East,New Jersey,Union City,7086,5/20/2015,5/21/2015,-152.76,110.75
Not Specified,0.09,9.78,1.39,Regular Air,Consumer,Office Supplies,Envelopes,Small Box,East,Delaware,Newark,19711,6/2/2015,6/3/2015,125.2074,181.46
Not Specified,0,200.99,8.08,Regular Air,Consumer,Technology,Telephones and Communication,Small Box,East,Delaware,Newark,19711,6/2/2015,6/4/2015,281.5344,1076.3
High,0.03,4.48,49,Regular Air,Consumer,Office Supplies,Appliances,Large Box,South,Florida,Altamonte Springs,32701,4/9/2015,4/11/2015,64.266,21.46
High,0.06,350.99,39,Delivery Truck,Consumer,Furniture,Chairs & Chairmats,Jumbo Drum,South,Florida,Altamonte Springs,32701,4/9/2015,4/11/2015,-302.6156,3506.78
High,0.09,40.98,6.5,Express Air,Consumer,Technology,Computer Peripherals,Small Box,South,Florida,Altamonte Springs,32701,4/9/2015,4/11/2015,5.6916,267.69
High,0.09,349.45,60,Delivery Truck,Consumer,Furniture,Tables,Jumbo Drum,South,Florida,Altamonte Springs,32701,4/9/2015,4/10/2015,-369.11,2307.26
High,0.07,2.61,0.5,Regular Air,Home Office,Office Supplies,Labels,Small Box,West,Utah,Spanish Fork,84660,5/23/2015,5/23/2015,27.0135,39.15
Not Specified,0.04,35.99,3.3,Regular Air,Home Office,Technology,Telephones and Communication,Small Pack,West,Utah,Springville,84663,6/29/2015,6/29/2015,184.1955,266.95
Medium,0,6783.02,24.49,Regular Air,Consumer,Technology,Office Machines,Large Box,South,Alabama,Madison,35756,3/21/2015,3/22/2015,4.11,20552.55
Not Specified,0.08,11.7,6.96,Regular Air,Consumer,Office Supplies,Appliances,Medium Box,South,Alabama,Madison,35756,4/10/2015,4/13/2015,28.566,87.8
Critical,0.07,400.97,48.26,Delivery Truck,Consumer,Technology,Office Machines,Jumbo Box,West,California,Huntington Beach,92646,4/9/2015,4/10/2015,2581.5591,3741.39
Low,0.06,10.89,4.5,Regular Air,Consumer,Office Supplies,Appliances,Small Box,West,California,Huntington Beach,92646,6/17/2015,6/22/2015,-25.112,149.32
Low,0.03,10.64,5.16,Regular Air,Consumer,Furniture,Office Furnishings,Small Box,West,California,Huntington Beach,92646,6/17/2015,6/22/2015,17.376,177.01
Low,0.03,7.96,4.95,Regular Air,Consumer,Furniture,Office Furnishings,Small Box,West,California,Huntington Beach,92646,6/17/2015,6/19/2015,24.2604,35.16
Low,0.03,28.53,1.49,Regular Air,Small Business,Office Supplies,Binders and Binder Accessories,Small Box,East,Connecticut,New Britain,6050,6/28/2015,7/1/2015,59.4405,88.84
Low,0.03,10.64,5.16,Regular Air,Consumer,Furniture,Office Furnishings,Small Box,East,District of Columbia,Washington,20016,6/17/2015,6/22/2015,14.48,696.96
Low,0.03,7.96,4.95,Regular Air,Consumer,Furniture,Office Furnishings,Small Box,East,District of Columbia,Washington,20016,6/17/2015,6/19/2015,22.25,149.41
High,0.05,52.4,16.11,Regular Air,Consumer,Office Supplies,Binders and Binder Accessories,Small Box,East,District of Columbia,Washington,20016,2/25/2015,2/27/2015,592.5265,4556.63
High,0.05,36.55,13.89,Express Air,Consumer,Office Supplies,Pens & Art Supplies,Wrap Bag,East,District of Columbia,Washington,20016,2/25/2015,2/26/2015,232.8,2948.61
Not Specified,0.03,5.98,1.49,Regular Air,Small Business,Office Supplies,Binders and Binder Accessories,Small Box,East,District of Columbia,Washington,20016,5/1/2015,5/3/2015,38.08,517.85
Low,0.09,49.99,19.99,Regular Air,Small Business,Technology,Computer Peripherals,Small Box,East,District of Columbia,Washington,20016,6/28/2015,6/30/2015,-17.03,2373.32
Low,0.03,28.53,1.49,Regular Air,Small Business,Office Supplies,Binders and Binder Accessories,Small Box,East,District of Columbia,Washington,20016,6/28/2015,7/1/2015,39.627,325.73
Not Specified,0.03,5.98,1.49,Regular Air,Small Business,Office Supplies,Binders and Binder Accessories,Small Box,South,Florida,Immokalee,34142,5/1/2015,5/3/2015,20.496,127.94
High,0.08,355.98,58.92,Delivery Truck,Small Business,Furniture,Chairs & Chairmats,Jumbo Drum,East,Massachusetts,Sudbury,1776,3/18/2015,3/20/2015,103.83,1350.94
High,0.1,15.14,4.53,Regular Air,Consumer,Office Supplies,Storage & Organization,Small Box,East,New Hampshire,Nashua,3060,2/25/2015,2/28/2015,-24.8976,75.17
High,0.05,52.4,16.11,Regular Air,Consumer,Office Supplies,Binders and Binder Accessories,Small Box,East,New Jersey,Elmwood Park,7407,2/25/2015,2/27/2015,776.7744,1125.76
High,0.05,36.55,13.89,Express Air,Consumer,Office Supplies,Pens & Art Supplies,Wrap Bag,East,New Jersey,South Orange,7079,2/25/2015,2/26/2015,344.544,746.03
Low,0.09,49.99,19.99,Regular Air,Small Business,Technology,Computer Peripherals,Small Box,East,Rhode Island,Cranston,2920,6/28/2015,6/30/2015,-8.515,593.33
Low,0.01,3.08,0.5,Regular Air,Corporate,Office Supplies,Labels,Small Box,Central,Indiana,Fort Wayne,46806,2/1/2015,2/6/2015,9.0045,13.05
High,0.08,4.91,4.97,Regular Air,Corporate,Office Supplies,Binders and Binder Accessories,Small Box,Central,Indiana,Gary,46404,1/15/2015,1/16/2015,-99.7625,58.95
High,0.01,3499.99,24.49,Regular Air,Corporate,Technology,Copiers and Fax,Large Box,Central,Indiana,Gary,46404,1/15/2015,1/16/2015,-3061.82,3672.89
Low,0.07,29.89,1.99,Express Air,Corporate,Technology,Computer Peripherals,Small Pack,Central,Indiana,Granger,46530,2/4/2015,2/9/2015,258.6189,374.81
Low,0.03,8.34,4.82,Regular Air,Corporate,Office Supplies,Paper,Small Box,Central,Indiana,Granger,46530,2/4/2015,2/8/2015,-6.71,43.27
High,0.03,5.84,1.2,Regular Air,Corporate,Office Supplies,Pens & Art Supplies,Wrap Bag,Central,Indiana,Granger,46530,1/15/2015,1/17/2015,-0.01,11.74
Medium,0.09,130.98,30,Delivery Truck,Small Business,Furniture,Chairs & Chairmats,Jumbo Drum,East,Massachusetts,Boston,2112,4/28/2015,5/1/2015,-421.76,5258.94
Medium,0.02,8.34,2.64,Regular Air,Small Business,Office Supplies,"Scissors, Rulers and Trimmers",Small Pack,East,Rhode Island,Pawtucket,2861,4/28/2015,4/30/2015,6.79,66.74
Medium,0.09,130.98,30,Delivery Truck,Small Business,Furniture,Chairs & Chairmats,Jumbo Drum,East,Vermont,South Burlington,5403,4/28/2015,5/1/2015,-421.76,1282.67
Medium,0,7.1,6.05,Regular Air,Small Business,Office Supplies,Binders and Binder Accessories,Small Box,East,Pennsylvania,Philadelphia,19140,2/16/2015,2/17/2015,-60.145,208.83
Medium,0.01,4.98,4.62,Express Air,Small Business,Technology,Computer Peripherals,Small Pack,East,Pennsylvania,Philadelphia,19140,2/16/2015,2/18/2015,-111.72,228.3
Medium,0.06,5.68,1.39,Regular Air,Small Business,Office Supplies,Envelopes,Small Box,East,Pennsylvania,Philadelphia,19140,2/16/2015,2/16/2015,33.01,129.53
Medium,0.01,4.98,4.62,Express Air,Small Business,Technology,Computer Peripherals,Small Pack,Central,Texas,Sulphur Springs,75482,2/16/2015,2/18/2015,-111.72,55.68
Critical,0.1,120.98,9.07,Express Air,Consumer,Office Supplies,Binders and Binder Accessories,Small Box,Central,Texas,Flower Mound,75028,4/9/2015,4/11/2015,297.45716,568.24
Critical,0.02,152.48,6.5,Express Air,Consumer,Technology,Computer Peripherals,Small Box,Central,Texas,Flower Mound,75028,4/9/2015,4/11/2015,-564.6024,162.91
High,0.09,99.99,19.99,Regular Air,Consumer,Technology,Computer Peripherals,Small Box,Central,Texas,Flower Mound,75028,6/4/2015,6/6/2015,-161.475,97.65
High,0.04,205.99,5.26,Regular Air,Consumer,Technology,Telephones and Communication,Small Box,Central,Texas,Flower Mound,75028,6/4/2015,6/5/2015,-0.814,1018.61
Medium,0.03,128.24,12.65,Regular Air,Corporate,Furniture,Chairs & Chairmats,Medium Box,Central,Texas,Carrollton,75007,1/31/2015,2/2/2015,790.464,1145.6
Not Specified,0.02,7.38,5.21,Regular Air,Corporate,Furniture,Office Furnishings,Small Box,Central,Texas,Carrollton,75007,3/29/2015,3/30/2015,7.74,24.52
Medium,0.05,300.98,13.99,Regular Air,Corporate,Technology,Office Machines,Medium Box,Central,Texas,Carrollton,75007,5/25/2015,5/26/2015,3985.3089,5775.81
Medium,0.04,205.99,5,Express Air,Corporate,Technology,Telephones and Communication,Small Box,Central,Texas,Carrollton,75007,5/25/2015,5/26/2015,13.9568,1878.24
Medium,0.01,160.98,30,Delivery Truck,Corporate,Furniture,Chairs & Chairmats,Jumbo Drum,Central,Texas,Cedar Hill,75104,1/31/2015,2/2/2015,788.79,1634.67
Not Specified,0,387.99,19.99,Regular Air,Corporate,Office Supplies,Binders and Binder Accessories,Small Box,South,Alabama,Auburn,36830,3/16/2015,3/17/2015,-70.14,9280.72
Critical,0.06,200.97,15.59,Delivery Truck,Small Business,Technology,Office Machines,Jumbo Drum,South,Alabama,Auburn,36830,3/25/2015,3/25/2015,531.618,1348.83
High,0.1,22.38,15.1,Regular Air,Home Office,Office Supplies,Binders and Binder Accessories,Small Box,East,New York,New York City,10009,4/5/2015,4/6/2015,-107.5135,564.98
High,0.04,6.98,2.83,Regular Air,Home Office,Furniture,Office Furnishings,Small Pack,East,New York,New York City,10009,4/5/2015,4/7/2015,46.01,129.48
Low,0.03,256.99,11.25,Regular Air,Home Office,Technology,Computer Peripherals,Small Box,East,New York,New York City,10009,5/22/2015,5/22/2015,1489.8,8216.28
High,0.1,22.38,15.1,Regular Air,Home Office,Office Supplies,Binders and Binder Accessories,Small Box,Central,Texas,Leander,78641,4/5/2015,4/6/2015,-107.5135,152.11
High,0.04,6.98,2.83,Regular Air,Home Office,Furniture,Office Furnishings,Small Pack,Central,Texas,Leander,78641,4/5/2015,4/7/2015,24.8193,35.97
High,0,3.89,7.01,Regular Air,Corporate,Office Supplies,Binders and Binder Accessories,Small Box,Central,Illinois,Carpentersville,60110,4/9/2015,4/9/2015,-255.1689,85.64
High,0.09,120.98,30,Delivery Truck,Corporate,Furniture,Chairs & Chairmats,Jumbo Drum,Central,Illinois,Carpentersville,60110,4/9/2015,4/11/2015,74.0048,2508.15
High,0.1,30.98,5.76,Regular Air,Corporate,Office Supplies,Paper,Small Box,Central,Illinois,Carpentersville,60110,4/9/2015,4/10/2015,109.4248,225.62
Low,0.02,46.89,5.1,Regular Air,Home Office,Office Supplies,Appliances,Medium Box,Central,Texas,Cedar Park,78613,4/23/2015,4/23/2015,421.3485,610.65
Low,0.05,140.98,36.09,Delivery Truck,Home Office,Furniture,Bookcases,Jumbo Box,Central,Texas,Cedar Park,78613,4/23/2015,4/25/2015,-373.09,699.24
Low,0.1,212.6,110.2,Delivery Truck,Home Office,Furniture,Tables,Jumbo Box,Central,Texas,Cedar Park,78613,4/23/2015,4/25/2015,-3465.072,2346.03
Medium,0.04,2.08,1.49,Regular Air,Home Office,Office Supplies,Binders and Binder Accessories,Small Box,Central,Texas,Channelview,77530,5/21/2015,5/23/2015,-11.2815,33.77
Critical,0.06,80.98,35,Regular Air,Home Office,Office Supplies,Storage & Organization,Large Box,Central,Texas,Channelview,77530,3/12/2015,3/13/2015,-218.77,172.79
Medium,0.06,3.95,2,Regular Air,Home Office,Office Supplies,Rubber Bands,Wrap Bag,Central,Texas,Channelview,77530,3/24/2015,3/25/2015,-9.68,19.66
Medium,0.01,115.99,56.14,Delivery Truck,Home Office,Technology,Office Machines,Jumbo Drum,West,Colorado,Aurora,80013,5/22/2015,5/23/2015,-164.3952,604.35
Critical,0.04,2.52,1.92,Regular Air,Home Office,Office Supplies,"Scissors, Rulers and Trimmers",Wrap Bag,West,Colorado,Aurora,80013,4/24/2015,4/24/2015,-8.208,3.13
High,0.03,3.69,2.5,Express Air,Home Office,Office Supplies,Envelopes,Small Box,South,Kentucky,Danville,40422,4/20/2015,4/20/2015,-2196.684,38.65
Critical,0.02,73.98,14.52,Regular Air,Home Office,Technology,Computer Peripherals,Small Box,West,Colorado,Broomfield,80020,5/7/2015,5/10/2015,43.538,378.23
Critical,0.05,5.28,6.26,Regular Air,Home Office,Office Supplies,Paper,Small Box,Central,Oklahoma,Altus,73521,6/11/2015,6/12/2015,-11.376,7.15
Critical,0.01,13.99,7.51,Regular Air,Corporate,Technology,Office Machines,Medium Box,South,Florida,Boca Raton,33433,2/10/2015,2/11/2015,533.742,29.85
Not Specified,0.08,128.24,12.65,Regular Air,Corporate,Furniture,Chairs & Chairmats,Medium Box,South,Florida,Boca Raton,33433,5/12/2015,5/13/2015,-379.344,366.44
Not Specified,0.04,5.98,4.38,Regular Air,Corporate,Technology,Computer Peripherals,Small Pack,South,Florida,Boca Raton,33433,5/12/2015,5/14/2015,-1522.304,69.75
Medium,0.07,125.99,7.69,Regular Air,Corporate,Technology,Telephones and Communication,Small Box,West,California,La Mesa,91941,4/9/2015,4/10/2015,588.2457,852.53
Low,0.1,34.23,5.02,Regular Air,Corporate,Furniture,Office Furnishings,Small Box,West,California,La Mesa,91941,5/1/2015,5/6/2015,151.5654,219.66
Critical,0.07,40.98,7.47,Regular Air,Corporate,Office Supplies,Binders and Binder Accessories,Small Box,Central,Indiana,Hammond,46324,3/1/2015,3/2/2015,54.9015,81.9
Not Specified,0,442.14,14.7,Delivery Truck,Corporate,Technology,Office Machines,Jumbo Drum,Central,Indiana,Hammond,46324,3/5/2015,3/5/2015,501.51,2343.34
Critical,0.07,40.98,7.47,Regular Air,Corporate,Office Supplies,Binders and Binder Accessories,Small Box,West,Washington,Seattle,98119,3/1/2015,3/2/2015,54.9015,327.61
Low,0.1,238.4,24.49,Regular Air,Small Business,Furniture,Chairs & Chairmats,Large Box,Central,Indiana,Vincennes,47591,1/24/2015,1/26/2015,875.2844,1774.5
Low,0.03,199.99,24.49,Express Air,Small Business,Technology,Copiers and Fax,Large Box,Central,Indiana,Vincennes,47591,1/24/2015,1/26/2015,727.7361,1054.69
Low,0.1,238.4,24.49,Regular Air,Small Business,Furniture,Chairs & Chairmats,Large Box,East,Pennsylvania,Philadelphia,19134,1/24/2015,1/26/2015,460.676,6654.39
Low,0.03,199.99,24.49,Express Air,Small Business,Technology,Copiers and Fax,Large Box,East,Pennsylvania,Philadelphia,19134,1/24/2015,1/26/2015,393.42,4429.69
Not Specified,0.04,150.98,13.99,Regular Air,Home Office,Technology,Office Machines,Medium Box,Central,Texas,Sulphur Springs,75482,2/12/2015,2/15/2015,606.0546,878.34
Not Specified,0.04,176.19,11.87,Regular Air,Home Office,Office Supplies,Storage & Organization,Small Box,Central,Texas,Sulphur Springs,75482,2/12/2015,2/14/2015,320.1,676.57
High,0.03,39.48,1.99,Regular Air,Consumer,Technology,Computer Peripherals,Small Pack,West,Utah,Tooele,84074,2/19/2015,2/21/2015,317.0895,459.55
Low,0.01,65.99,5.31,Regular Air,Consumer,Technology,Telephones and Communication,Small Box,West,Utah,Tooele,84074,2/19/2015,2/26/2015,250.36272,536.9
Medium,0.08,2.88,0.5,Regular Air,Consumer,Office Supplies,Labels,Small Box,West,Utah,West Jordan,84084,4/23/2015,4/24/2015,6.0306,8.74
High,0.04,62.18,10.84,Regular Air,Consumer,Furniture,Office Furnishings,Medium Box,West,Utah,West Valley City,84120,2/17/2015,2/19/2015,125.8077,182.33
Low,0.04,8.33,1.99,Regular Air,Small Business,Technology,Computer Peripherals,Small Pack,West,Oregon,Coos Bay,97420,6/30/2015,7/7/2015,44.892,131.26
Medium,0.04,5.34,2.99,Regular Air,Home Office,Office Supplies,Binders and Binder Accessories,Small Box,West,California,Los Angeles,90058,3/30/2015,4/1/2015,3.451,240.6
Medium,0.06,55.99,5,Regular Air,Home Office,Technology,Telephones and Communication,Small Pack,West,California,Los Angeles,90058,3/30/2015,4/1/2015,-275.253,236.88
Low,0.05,80.98,35,Regular Air,Home Office,Office Supplies,Storage & Organization,Large Box,West,California,Los Angeles,90058,1/5/2015,1/9/2015,-746.44,2710.47
Low,0.05,279.48,35,Regular Air,Home Office,Office Supplies,Storage & Organization,Large Box,West,California,Los Angeles,90058,1/5/2015,1/5/2015,-274.95,8354.73
Medium,0,4.91,5.68,Regular Air,Home Office,Office Supplies,Binders and Binder Accessories,Small Box,West,Colorado,Colorado Springs,80906,3/30/2015,3/31/2015,-95.0475,48.3
Medium,0.04,5.34,2.99,Regular Air,Home Office,Office Supplies,Binders and Binder Accessories,Small Box,West,Colorado,Commerce City,80022,3/30/2015,4/1/2015,3.451,58.81
Medium,0.06,55.99,5,Regular Air,Home Office,Technology,Telephones and Communication,Small Pack,West,Colorado,Commerce City,80022,3/30/2015,4/1/2015,-275.253,47.38
Low,0.05,80.98,35,Regular Air,Home Office,Office Supplies,Storage & Organization,Large Box,West,Colorado,Commerce City,80022,1/5/2015,1/9/2015,-746.44,637.76
Low,0.05,279.48,35,Regular Air,Home Office,Office Supplies,Storage & Organization,Large Box,West,Colorado,Commerce City,80022,1/5/2015,1/5/2015,-274.95,2156.06
Low,0.02,55.99,3.3,Regular Air,Home Office,Technology,Telephones and Communication,Small Pack,Central,Illinois,Chicago,60623,2/10/2015,2/10/2015,525.2004,761.16
Low,0,22.38,15.1,Express Air,Home Office,Office Supplies,Binders and Binder Accessories,Small Box,East,New York,New York City,10170,2/10/2015,2/17/2015,-52.647,682.68
Low,0.07,5.98,4.69,Regular Air,Home Office,Office Supplies,Storage & Organization,Small Box,East,New York,New York City,10170,2/10/2015,2/15/2015,-24.44,73.44
Low,0.02,55.99,3.3,Regular Air,Home Office,Technology,Telephones and Communication,Small Pack,East,New York,New York City,10170,2/10/2015,2/10/2015,366.507,2997.07
Not Specified,0.07,3.98,0.83,Regular Air,Home Office,Office Supplies,Pens & Art Supplies,Wrap Bag,East,New York,New York City,10170,6/6/2015,6/9/2015,27.38,282.85
Low,0.07,5.98,4.69,Regular Air,Home Office,Office Supplies,Storage & Organization,Small Box,East,Pennsylvania,Chambersburg,17201,2/10/2015,2/15/2015,-12.7088,20.03
Not Specified,0,20.89,1.99,Regular Air,Home Office,Technology,Computer Peripherals,Small Pack,East,Pennsylvania,Chambersburg,17201,6/6/2015,6/8/2015,-5.295,84.56
Not Specified,0.07,3.98,0.83,Regular Air,Home Office,Office Supplies,Pens & Art Supplies,Wrap Bag,East,Pennsylvania,Chambersburg,17201,6/6/2015,6/9/2015,41.07,70.71
Low,0.1,2.62,0.8,Regular Air,Home Office,Office Supplies,Rubber Bands,Wrap Bag,South,Florida,Brandon,33511,4/30/2015,5/6/2015,-94.4909,51.86
High,0,12.2,6.02,Express Air,Home Office,Furniture,Office Furnishings,Small Pack,South,Florida,Carol City,33055,4/17/2015,4/18/2015,-172.298,56.24
Not Specified,0.1,110.99,8.99,Express Air,Home Office,Technology,Telephones and Communication,Small Box,South,Florida,Coconut Creek,33063,1/27/2015,1/29/2015,3285.48,627.78
High,0.05,17.67,8.99,Regular Air,Home Office,Furniture,Office Furnishings,Small Pack,East,Maryland,Camp Springs,20746,4/30/2015,5/1/2015,46.0368,283.44
High,0.1,4.13,0.99,Regular Air,Consumer,Office Supplies,Labels,Small Box,Central,Texas,Weatherford,76086,2/11/2015,2/11/2015,-1.0712,8.3
High,0.04,4.98,0.49,Regular Air,Consumer,Office Supplies,Labels,Small Box,Central,Texas,Weatherford,76086,2/11/2015,2/13/2015,4.4104,10.04
Medium,0.03,125.99,7.69,Regular Air,Home Office,Technology,Telephones and Communication,Small Box,Central,Texas,Weslaco,78596,6/3/2015,6/5/2015,500.958,981.65
High,0.07,119.99,16.8,Delivery Truck,Home Office,Technology,Office Machines,Jumbo Box,Central,Texas,Weslaco,78596,6/28/2015,6/30/2015,1206.5961,1748.69
High,0.03,14.34,5,Regular Air,Consumer,Furniture,Office Furnishings,Small Pack,Central,Iowa,Muscatine,52761,1/26/2015,1/27/2015,82.3101,119.29
High,0.01,2.89,0.5,Regular Air,Consumer,Office Supplies,Labels,Small Box,Central,Michigan,Allen Park,48101,1/26/2015,1/28/2015,1.2236,3.08
Critical,0.01,6.48,6.22,Express Air,Consumer,Office Supplies,Paper,Small Box,Central,Michigan,Allen Park,48101,2/10/2015,2/11/2015,-15.6312,69.46
Critical,0.03,85.99,3.3,Regular Air,Consumer,Technology,Telephones and Communication,Small Pack,Central,Michigan,Allen Park,48101,2/10/2015,2/12/2015,790.5468,1145.72
Medium,0.05,12.97,1.49,Regular Air,Consumer,Office Supplies,Binders and Binder Accessories,Small Box,South,Florida,Casselberry,32707,2/4/2015,2/6/2015,5.466,26.37
Medium,0.06,5.81,3.37,Regular Air,Consumer,Office Supplies,Rubber Bands,Wrap Bag,South,Florida,Casselberry,32707,2/4/2015,2/6/2015,-149.1182,53.44
Not Specified,0.1,5.98,5.35,Regular Air,Home Office,Office Supplies,Paper,Small Box,East,Maryland,Camp Springs,20746,3/17/2015,3/17/2015,-90.26,57.34
Medium,0.03,73.98,14.52,Regular Air,Consumer,Technology,Computer Peripherals,Small Box,Central,Texas,Lubbock,79424,1/7/2015,1/10/2015,-326.2316,79.02
Medium,0.09,4.55,1.49,Regular Air,Consumer,Office Supplies,Binders and Binder Accessories,Small Box,Central,Texas,Lufkin,75901,3/23/2015,3/25/2015,16.898,25.45
Medium,0.07,9.78,5.76,Express Air,Consumer,Office Supplies,Envelopes,Small Box,Central,Texas,Mansfield,76063,3/23/2015,3/25/2015,20.14,110.72
Critical,0.06,44.01,3.5,Regular Air,Home Office,Office Supplies,Appliances,Small Box,West,California,Stockton,95207,6/7/2015,6/8/2015,-21.232,46.94
Low,0.05,2.89,0.5,Regular Air,Home Office,Office Supplies,Labels,Small Box,East,New Hampshire,Portsmouth,3801,6/27/2015,7/3/2015,18.0642,26.18
Medium,0.03,2.23,4.57,Regular Air,Consumer,Furniture,Office Furnishings,Small Pack,West,Utah,West Valley City,84120,5/1/2015,5/2/2015,-93.25,28.66
Not Specified,0.07,11.29,5.03,Regular Air,Consumer,Office Supplies,Storage & Organization,Small Box,South,Virginia,Alexandria,22304,6/30/2015,7/2/2015,-163.03,123.18
Low,0.02,70.97,3.5,Regular Air,Consumer,Office Supplies,Appliances,Small Box,South,Virginia,Alexandria,22304,6/7/2015,6/14/2015,23.616,1533.59
Critical,0.06,1.74,4.08,Regular Air,Corporate,Furniture,Office Furnishings,Small Pack,West,California,Menlo Park,94025,1/25/2015,1/26/2015,-11.0732,2.77
High,0.08,2.62,0.8,Express Air,Small Business,Office Supplies,Rubber Bands,Wrap Bag,West,California,Menlo Park,94025,5/13/2015,5/15/2015,21.7695,31.55
High,0.09,2.61,0.5,Regular Air,Consumer,Office Supplies,Labels,Small Box,West,California,Menlo Park,94025,6/3/2015,6/5/2015,29.3802,42.58
Critical,0.1,8.17,1.69,Regular Air,Corporate,Office Supplies,Paper,Wrap Bag,West,California,Stockton,95207,5/16/2015,5/16/2015,100.2984,145.36
Critical,0.03,110.99,2.5,Regular Air,Corporate,Technology,Telephones and Communication,Small Box,West,California,Stockton,95207,5/16/2015,5/18/2015,2495.3988,3616.52
Not Specified,0,2.88,0.7,Express Air,Consumer,Office Supplies,Pens & Art Supplies,Wrap Bag,West,California,Sunnyvale,94086,4/24/2015,4/24/2015,-0.11,7.96
Low,0.07,12.28,6.13,Regular Air,Small Business,Office Supplies,Storage & Organization,Small Box,West,California,Sunnyvale,94086,5/3/2015,5/10/2015,15.236,389.59
Not Specified,0,8.6,6.19,Regular Air,Corporate,Office Supplies,Binders and Binder Accessories,Small Box,Central,Illinois,Chicago,60653,1/15/2015,1/15/2015,-42.8536,447.89
Medium,0.04,30.73,4,Regular Air,Home Office,Technology,Computer Peripherals,Small Box,Central,Illinois,Chicago,60653,1/21/2015,1/22/2015,-20.79,1420.84
Not Specified,0,8.6,6.19,Regular Air,Corporate,Office Supplies,Binders and Binder Accessories,Small Box,Central,Michigan,Battle Creek,49017,1/15/2015,1/15/2015,-33.21154,111.97
Medium,0.04,30.73,4,Regular Air,Home Office,Technology,Computer Peripherals,Small Box,Central,Michigan,Battle Creek,49017,1/21/2015,1/22/2015,-20.79,355.21
Medium,0,65.99,5.26,Regular Air,Corporate,Technology,Telephones and Communication,Small Box,West,California,Moreno Valley,92553,4/7/2015,4/8/2015,369.9987,536.23
Not Specified,0.08,3.38,0.85,Regular Air,Corporate,Office Supplies,Pens & Art Supplies,Wrap Bag,West,California,Mountain View,94043,2/2/2015,2/4/2015,20.4536,38.81
Medium,0,65.99,5.26,Regular Air,Corporate,Technology,Telephones and Communication,Small Box,East,Massachusetts,Boston,2113,4/7/2015,4/8/2015,542.25,2144.92
Not Specified,0.02,16.48,1.99,Express Air,Corporate,Technology,Computer Peripherals,Small Pack,East,Massachusetts,Boston,2113,2/2/2015,2/4/2015,69.61,484.56
Critical,0.02,417.4,75.23,Delivery Truck,Small Business,Furniture,Tables,Jumbo Box,Central,Indiana,Indianapolis,46203,5/6/2015,5/7/2015,-634.8654,471.21
High,0.04,46.89,5.1,Regular Air,Small Business,Office Supplies,Appliances,Medium Box,Central,Indiana,Indianapolis,46203,6/25/2015,6/27/2015,87.12,182.61
Low,0.07,4.84,0.71,Regular Air,Small Business,Office Supplies,Pens & Art Supplies,Wrap Bag,Central,Indiana,Kokomo,46901,1/1/2015,1/3/2015,25.2402,36.58
Not Specified,0.01,124.49,51.94,Delivery Truck,Small Business,Furniture,Tables,Jumbo Box,Central,Indiana,Lafayette,47905,6/25/2015,6/26/2015,-94.674645,2376.12
Low,0.05,350.99,39,Delivery Truck,Home Office,Furniture,Chairs & Chairmats,Jumbo Drum,West,Colorado,Englewood,80112,1/12/2015,1/14/2015,451.2804,1020.08
Low,0,8.74,1.39,Regular Air,Home Office,Office Supplies,Envelopes,Small Box,West,Colorado,Englewood,80112,1/12/2015,1/16/2015,44.988,65.2
Low,0.02,1.98,0.7,Regular Air,Home Office,Office Supplies,Rubber Bands,Wrap Bag,West,Colorado,Englewood,80112,1/12/2015,1/16/2015,-20.7328,22.59
Not Specified,0.05,8.04,8.94,Regular Air,Home Office,Office Supplies,Binders and Binder Accessories,Small Box,West,Colorado,Englewood,80112,6/20/2015,6/22/2015,-164.3948,121.36
Low,0.04,2036.48,14.7,Delivery Truck,Small Business,Technology,Office Machines,Jumbo Drum,West,Colorado,Fort Collins,80525,1/1/2015,1/6/2015,-4793.004,2013.67
Low,0.09,125.99,2.5,Regular Air,Home Office,Technology,Telephones and Communication,Small Box,Central,Michigan,Bay City,48708,2/5/2015,2/9/2015,1258.7877,1824.33
Not Specified,0.05,9.78,1.39,Regular Air,Corporate,Office Supplies,Envelopes,Small Box,Central,Indiana,Indianapolis,46203,3/5/2015,3/6/2015,74.2785,107.65
Low,0.07,10.98,4.8,Regular Air,Corporate,Office Supplies,Envelopes,Small Box,Central,Indiana,Indianapolis,46203,6/20/2015,6/27/2015,52.92,165.21
Not Specified,0.02,3.28,3.97,Express Air,Corporate,Office Supplies,Pens & Art Supplies,Wrap Bag,Central,Indiana,Jeffersonville,47130,3/5/2015,3/6/2015,-66.35,25.15
High,0.07,300.98,64.73,Delivery Truck,Corporate,Furniture,Chairs & Chairmats,Jumbo Drum,Central,Indiana,Jeffersonville,47130,5/19/2015,5/21/2015,1399.64,4285.56
High,0.01,20.98,45,Delivery Truck,Corporate,Office Supplies,Storage & Organization,Jumbo Drum,Central,Indiana,Jeffersonville,47130,5/19/2015,5/19/2015,232.642,631.37
Critical,0.01,80.98,35,Regular Air,Corporate,Office Supplies,Storage & Organization,Large Box,East,Ohio,Elyria,44035,1/22/2015,1/24/2015,-409.3736,267.83
Critical,0.05,6.48,6.22,Regular Air,Corporate,Office Supplies,Paper,Small Box,East,Ohio,Euclid,44117,4/28/2015,4/29/2015,-29.07,21.46
Not Specified,0.04,177.98,0.99,Regular Air,Corporate,Office Supplies,Appliances,Small Box,Central,Missouri,Springfield,65807,6/25/2015,6/27/2015,1909.8855,2767.95
Low,0.02,15.99,13.18,Express Air,Corporate,Office Supplies,Binders and Binder Accessories,Small Box,Central,Missouri,Springfield,65807,1/30/2015,2/3/2015,-76.9925,123.03
Low,0.09,46.94,6.77,Express Air,Corporate,Furniture,Office Furnishings,Small Box,Central,Missouri,Springfield,65807,1/30/2015,1/30/2015,297.9696,431.84
Medium,0.1,218.08,18.06,Express Air,Consumer,Furniture,Chairs & Chairmats,Large Box,West,California,South Lake Tahoe,96150,5/24/2015,5/25/2015,1318.83,2366.51
High,0.05,85.99,0.99,Regular Air,Consumer,Technology,Telephones and Communication,Wrap Bag,South,South Carolina,Taylors,29687,4/5/2015,4/7/2015,36.216,291.64
High,0.05,12.95,4.98,Regular Air,Consumer,Office Supplies,Binders and Binder Accessories,Small Box,Central,Indiana,Lafayette,47905,6/2/2015,6/4/2015,134.16825,252.36
High,0,65.99,8.99,Regular Air,Small Business,Technology,Telephones and Communication,Small Box,Central,Nebraska,Columbus,68601,6/11/2015,6/13/2015,253.3032,575.07
Low,0.04,130.98,54.74,Delivery Truck,Small Business,Furniture,Bookcases,Jumbo Box,Central,Nebraska,Columbus,68601,6/12/2015,6/12/2015,-723.784,1781.66
Low,0.04,105.29,10.12,Regular Air,Small Business,Furniture,Office Furnishings,Large Box,West,Utah,Clearfield,84015,6/12/2015,6/16/2015,589.188,940.64
Low,0.07,31.76,45.51,Delivery Truck,Small Business,Furniture,Tables,Jumbo Box,West,Utah,Clearfield,84015,6/12/2015,6/14/2015,-1314.992,439.27
High,0.03,420.98,19.99,Regular Air,Home Office,Office Supplies,Binders and Binder Accessories,Small Box,East,Ohio,Westerville,43081,3/21/2015,3/22/2015,3043.0311,4410.19
Not Specified,0.02,30.98,6.5,Express Air,Home Office,Technology,Computer Peripherals,Small Box,East,Ohio,Westlake,44145,6/30/2015,7/1/2015,-44.624,552.89
Medium,0.05,20.27,3.99,Regular Air,Home Office,Office Supplies,Appliances,Small Box,East,Ohio,Westlake,44145,5/25/2015,5/26/2015,309.254,621.56
Critical,0.04,9.78,1.99,Express Air,Home Office,Technology,Computer Peripherals,Small Pack,East,Ohio,Wooster,44691,1/21/2015,1/22/2015,61.2927,88.83
Not Specified,0.07,8.95,2.01,Regular Air,Corporate,Office Supplies,Paper,Wrap Bag,West,California,Los Angeles,90049,3/27/2015,3/28/2015,91.73,307.65
Not Specified,0.07,8.95,2.01,Regular Air,Corporate,Office Supplies,Paper,Wrap Bag,Central,Michigan,Bay City,48708,3/27/2015,3/28/2015,53.0679,76.91
Not Specified,0.05,9.65,6.22,Regular Air,Corporate,Furniture,Office Furnishings,Small Box,Central,Michigan,Bay City,48708,2/28/2015,2/28/2015,-14.6432,151.34
High,0.06,99.99,19.99,Regular Air,Home Office,Technology,Computer Peripherals,Small Box,Central,Illinois,Des Plaines,60016,3/11/2015,3/14/2015,-127.56,290.24
High,0,193.17,19.99,Regular Air,Home Office,Office Supplies,Storage & Organization,Small Box,Central,Illinois,Des Plaines,60016,3/11/2015,3/12/2015,282.18,971.4
High,0.08,20.99,3.3,Express Air,Home Office,Technology,Telephones and Communication,Small Pack,Central,Illinois,Des Plaines,60016,3/11/2015,3/11/2015,-96.338,193.51
Not Specified,0.04,11.5,7.19,Regular Air,Home Office,Office Supplies,Binders and Binder Accessories,Small Box,Central,Illinois,Downers Grove,60516,2/20/2015,2/23/2015,-23.35788,157.81
Not Specified,0.02,15.7,11.25,Regular Air,Home Office,Office Supplies,Storage & Organization,Small Box,Central,Illinois,Downers Grove,60516,2/20/2015,2/21/2015,-18.2416,19.44
Not Specified,0.05,225.02,28.66,Delivery Truck,Home Office,Office Supplies,Storage & Organization,Jumbo Drum,Central,Illinois,Downers Grove,60516,2/20/2015,2/22/2015,1428.9104,4636.63
High,0.04,119.99,14,Delivery Truck,Corporate,Technology,Office Machines,Jumbo Drum,Central,Missouri,Ozark,65721,6/16/2015,6/18/2015,509.9583,739.07
Critical,0.06,8.37,10.16,Regular Air,Corporate,Furniture,Office Furnishings,Large Box,East,Maryland,Dundalk,21222,3/11/2015,3/13/2015,-255.65,157.64
Critical,0.09,6.48,9.17,Express Air,Corporate,Office Supplies,Paper,Small Box,East,Maryland,Dundalk,21222,3/11/2015,3/13/2015,-76.54,42.16
Critical,0.09,6.28,5.29,Regular Air,Corporate,Furniture,Office Furnishings,Small Box,East,New York,Elmira,14901,3/11/2015,3/12/2015,-10.09,14.08
Critical,0.03,15.14,4.53,Regular Air,Corporate,Office Supplies,Storage & Organization,Small Box,East,New York,Elmira,14901,3/11/2015,3/13/2015,-92.87,256.73
Medium,0.05,2.16,6.05,Regular Air,Home Office,Office Supplies,Binders and Binder Accessories,Small Box,South,Florida,Coral Gables,33134,2/4/2015,2/5/2015,-298.886,18.59
Medium,0.03,6.48,6.6,Regular Air,Home Office,Office Supplies,Paper,Small Box,South,Florida,Coral Gables,33134,2/4/2015,2/5/2015,-145.852,58.83
Medium,0.08,146.05,80.2,Delivery Truck,Home Office,Furniture,Tables,Jumbo Box,South,Florida,Coral Gables,33134,2/4/2015,2/5/2015,-27.951,1557.66
Critical,0.08,3.69,0.5,Regular Air,Small Business,Office Supplies,Labels,Small Box,South,Florida,Coral Springs,33065,5/7/2015,5/10/2015,-3.6547,129.43
Low,0.08,5.84,1,Express Air,Small Business,Office Supplies,Pens & Art Supplies,Wrap Bag,South,Florida,Coral Springs,33065,6/29/2015,7/3/2015,731.922,61.39
Low,0,205.99,8.99,Regular Air,Small Business,Technology,Telephones and Communication,Small Box,South,Florida,Coral Springs,33065,6/29/2015,7/2/2015,186.558,2435.52
Low,0,85.99,0.99,Regular Air,Small Business,Technology,Telephones and Communication,Wrap Bag,Central,Texas,College Station,77840,6/13/2015,6/18/2015,-138.0368,464.86
Critical,0.09,20.98,1.49,Regular Air,Corporate,Office Supplies,Binders and Binder Accessories,Small Box,Central,Indiana,Muncie,47302,6/22/2015,6/24/2015,199.1823,288.67
Critical,0.06,55.48,4.85,Regular Air,Consumer,Office Supplies,Paper,Small Box,East,Maine,Auburn,4210,6/14/2015,6/14/2015,711.0519,1030.51
Critical,0.1,122.99,70.2,Delivery Truck,Consumer,Furniture,Chairs & Chairmats,Jumbo Drum,Central,Minnesota,Hopkins,55305,6/14/2015,6/15/2015,-899.675,2026.91
High,0.04,11.34,5.01,Regular Air,Home Office,Office Supplies,Paper,Small Box,South,Alabama,Birmingham,35211,2/10/2015,2/11/2015,-189.224,115.53
Critical,0.03,30.98,8.99,Express Air,Small Business,Office Supplies,Pens & Art Supplies,Small Pack,South,Alabama,Decatur,35601,1/9/2015,1/11/2015,0.51,162.39
Low,0.03,65.99,5.26,Regular Air,Home Office,Technology,Telephones and Communication,Small Box,South,Alabama,Decatur,35601,3/30/2015,4/9/2015,-52.248,1316.03
Low,0.09,50.98,6.5,Regular Air,Home Office,Technology,Computer Peripherals,Small Box,South,Alabama,Decatur,35601,5/21/2015,5/28/2015,70.176,1395.41
Critical,0.01,525.98,19.99,Regular Air,Small Business,Office Supplies,Binders and Binder Accessories,Small Box,South,North Carolina,Eden,27288,1/9/2015,1/11/2015,-161.924,4920.81
Critical,0.07,4.91,0.5,Regular Air,Consumer,Office Supplies,Labels,Small Box,South,Florida,Palm Coast,32137,1/17/2015,1/18/2015,-157.696,28.22
High,0.02,4.89,4.93,Regular Air,Corporate,Technology,Computer Peripherals,Small Pack,Central,Missouri,University City,63130,2/6/2015,2/7/2015,-56.446,74.01
High,0.07,10.06,2.06,Regular Air,Corporate,Office Supplies,Paper,Wrap Bag,Central,Missouri,University City,63130,2/6/2015,2/7/2015,33.189,48.1
Low,0,599.99,24.49,Regular Air,Corporate,Technology,Copiers and Fax,Large Box,Central,Indiana,Richmond,47374,6/23/2015,6/25/2015,-367.165,11015.82
Low,0.07,17.7,9.47,Regular Air,Consumer,Office Supplies,Storage & Organization,Small Box,South,Mississippi,Biloxi,39530,6/25/2015,7/1/2015,-243.544,300.67
Critical,0.01,348.21,40.19,Delivery Truck,Small Business,Furniture,Tables,Jumbo Box,South,Mississippi,Clinton,39056,1/1/2015,1/4/2015,-337.092,723.54
Not Specified,0.03,12.28,6.35,Regular Air,Small Business,Office Supplies,Paper,Small Box,South,Mississippi,Greenville,38701,3/22/2015,3/24/2015,68.676,87.53
High,0.04,10.98,3.99,Regular Air,Small Business,Office Supplies,Appliances,Small Box,South,Mississippi,Gulfport,39503,5/18/2015,5/18/2015,481.032,172.22
High,0.03,124.49,51.94,Delivery Truck,Consumer,Furniture,Tables,Jumbo Box,South,Mississippi,Gulfport,39503,2/13/2015,2/14/2015,-4.018,894.88
Not Specified,0.06,2.89,0.99,Regular Air,Consumer,Office Supplies,Labels,Small Box,South,Virginia,Alexandria,22304,6/1/2015,6/3/2015,-2.0097,16.67
Not Specified,0.08,22.84,11.54,Regular Air,Consumer,Office Supplies,Paper,Small Box,South,Virginia,Alexandria,22304,6/1/2015,6/3/2015,-477.372,195.16
Low,0.09,60.98,49,Regular Air,Consumer,Office Supplies,Appliances,Large Box,South,Virginia,Annandale,22003,3/25/2015,4/2/2015,-954.758,879.62
Low,0.05,29.89,1.99,Regular Air,Consumer,Technology,Computer Peripherals,Small Pack,South,Virginia,Annandale,22003,3/25/2015,3/27/2015,219.4734,361.19
Critical,0.1,226.67,28.16,Delivery Truck,Consumer,Furniture,Chairs & Chairmats,Jumbo Drum,South,Virginia,Blacksburg,24060,4/15/2015,4/17/2015,-390.768,1088.26
High,0.02,11.34,11.25,Regular Air,Corporate,Office Supplies,Paper,Small Box,Central,Texas,Mansfield,76063,3/1/2015,3/2/2015,-155.21,105.75
Critical,0.05,12.2,6.02,Regular Air,Corporate,Furniture,Office Furnishings,Small Pack,Central,Texas,Mansfield,76063,4/13/2015,4/14/2015,-6.642,63.93
Medium,0.07,20.95,5.99,Regular Air,Consumer,Technology,Computer Peripherals,Small Box,South,North Carolina,Fayetteville,28314,2/9/2015,2/10/2015,27.234,391.4
Low,0.1,11.58,6.97,Regular Air,Corporate,Office Supplies,Envelopes,Small Box,East,Maine,Waterville,4901,2/16/2015,2/20/2015,-8.398,14.53
Medium,0.03,19.04,6.38,Express Air,Corporate,Furniture,Office Furnishings,Small Box,East,Ohio,Willoughby,44094,4/4/2015,4/4/2015,83.7936,144.03
Medium,0.02,5.53,6.98,Regular Air,Corporate,Office Supplies,Binders and Binder Accessories,Small Box,Central,Oklahoma,Bartlesville,74006,4/4/2015,4/6/2015,-77.82372,48.81
High,0.01,500.98,26,Delivery Truck,Corporate,Furniture,Chairs & Chairmats,Jumbo Drum,East,West Virginia,Huntington,25705,5/11/2015,5/12/2015,5078.538,7360.2
High,0.08,9.77,6.02,Regular Air,Corporate,Furniture,Office Furnishings,Medium Box,East,West Virginia,Huntington,25705,5/11/2015,5/12/2015,23.276,89.06
High,0.09,3.28,0.98,Regular Air,Corporate,Office Supplies,Pens & Art Supplies,Wrap Bag,East,West Virginia,Huntington,25705,5/11/2015,5/13/2015,17.754,134.97
Critical,0.1,9.11,2.15,Regular Air,Home Office,Office Supplies,Paper,Wrap Bag,East,Maryland,Waldorf,20601,4/10/2015,4/12/2015,-3.9312,17.42
Critical,0.09,2.18,0.78,Regular Air,Small Business,Office Supplies,Rubber Bands,Wrap Bag,East,New York,Woodmere,11598,1/16/2015,1/18/2015,2.4548,19.12
Critical,0.05,179.29,29.21,Delivery Truck,Small Business,Furniture,Tables,Jumbo Box,East,New York,Woodmere,11598,1/16/2015,1/18/2015,-537.2797773,186.64
Medium,0.05,1.98,4.77,Regular Air,Home Office,Office Supplies,Binders and Binder Accessories,Small Box,East,New York,Franklin Square,11010,1/7/2015,1/8/2015,-14.35982,3.53
Medium,0.07,699.99,24.49,Express Air,Home Office,Technology,Copiers and Fax,Large Box,East,New York,Franklin Square,11010,1/7/2015,1/8/2015,-2870.2776,706.56
Medium,0.07,6783.02,24.49,Regular Air,Home Office,Technology,Office Machines,Large Box,East,New York,Franklin Square,11010,1/7/2015,1/8/2015,77.9836,13121.07
Not Specified,0.01,15.16,15.09,Regular Air,Home Office,Office Supplies,Binders and Binder Accessories,Small Box,East,New York,Freeport,11520,4/15/2015,4/15/2015,-200.859,110.93
Low,0.1,5.68,3.6,Express Air,Home Office,Office Supplies,"Scissors, Rulers and Trimmers",Small Pack,East,New York,Freeport,11520,2/6/2015,2/10/2015,-33.2956,118.35
High,0.03,2.16,6.05,Regular Air,Consumer,Office Supplies,Binders and Binder Accessories,Small Box,West,California,Sacramento,95823,5/11/2015,5/12/2015,-90.5855,17.31
High,0.03,9.71,9.45,Regular Air,Consumer,Office Supplies,Storage & Organization,Small Box,West,California,Sacramento,95823,5/11/2015,5/11/2015,-36.9,23.56
Low,0.06,40.97,1.99,Regular Air,Consumer,Technology,Computer Peripherals,Small Pack,East,Massachusetts,Hopkinton,1748,4/8/2015,4/12/2015,341.1981,494.49
High,0.09,12.88,4.59,Regular Air,Consumer,Office Supplies,"Scissors, Rulers and Trimmers",Wrap Bag,Central,Indiana,Highland,46322,4/6/2015,4/6/2015,-175.13,158.13
High,0.02,45.99,4.99,Express Air,Consumer,Technology,Telephones and Communication,Small Box,East,Pennsylvania,Lancaster,17602,4/6/2015,4/7/2015,3.96,163.01
High,0.06,15.01,8.4,Regular Air,Small Business,Office Supplies,Binders and Binder Accessories,Small Box,Central,Indiana,Schererville,46375,5/24/2015,5/26/2015,1.6169,333.04
High,0.09,40.48,19.99,Regular Air,Small Business,Technology,Computer Peripherals,Small Box,Central,Indiana,Schererville,46375,5/24/2015,5/26/2015,65.394,472.44
High,0.05,12.28,6.13,Regular Air,Small Business,Office Supplies,Storage & Organization,Small Box,Central,Indiana,Schererville,46375,5/24/2015,5/25/2015,1.336,18.73
Medium,0.08,213.45,14.7,Delivery Truck,Home Office,Technology,Office Machines,Jumbo Drum,East,New York,Glen Cove,11542,3/27/2015,3/29/2015,1674.7542,2427.18
Medium,0.1,55.98,13.88,Regular Air,Home Office,Office Supplies,Paper,Small Box,East,New York,Glen Cove,11542,3/27/2015,3/29/2015,300.0465,434.85
Medium,0,16.06,8.34,Regular Air,Home Office,Office Supplies,Storage & Organization,Small Box,East,New York,Glen Cove,11542,3/27/2015,3/28/2015,-28.09,19.16
Medium,0,209.37,69,Regular Air,Home Office,Furniture,Tables,Large Box,East,New York,Glen Cove,11542,2/16/2015,2/18/2015,-263.1119291,1959.88
High,0.06,43.57,16.36,Regular Air,Corporate,Office Supplies,Storage & Organization,Small Box,South,Tennessee,Greeneville,37743,5/28/2015,5/30/2015,-38.808,710.16
High,0.08,8.09,7.96,Express Air,Home Office,Furniture,Office Furnishings,Small Box,South,Mississippi,Hattiesburg,39401,1/15/2015,1/16/2015,15.984,48.25
High,0.02,25.99,5.37,Regular Air,Home Office,Office Supplies,Pens & Art Supplies,Small Box,South,Mississippi,Hattiesburg,39401,4/15/2015,4/17/2015,-88.158,243.24
Not Specified,0.03,5.98,3.85,Regular Air,Home Office,Technology,Computer Peripherals,Small Pack,South,Mississippi,Horn Lake,38637,2/10/2015,2/12/2015,-76.1068,38.54
Not Specified,0.08,100.97,14,Delivery Truck,Home Office,Technology,Office Machines,Jumbo Drum,South,Mississippi,Jackson,39212,4/9/2015,4/10/2015,-73.49412,1483.16
Critical,0.08,115.99,56.14,Delivery Truck,Home Office,Technology,Office Machines,Jumbo Drum,West,California,Salinas,93905,1/14/2015,1/16/2015,-272.860884,562.93
Critical,0.08,4.28,0.94,Regular Air,Home Office,Office Supplies,Pens & Art Supplies,Wrap Bag,West,California,Salinas,93905,1/14/2015,1/17/2015,10.5792,29.18
High,0.04,136.98,24.49,Express Air,Home Office,Furniture,Office Furnishings,Large Box,West,California,Salinas,93905,1/12/2015,1/14/2015,1127.5497,1634.13
Critical,0.08,55.48,6.79,Regular Air,Home Office,Office Supplies,Paper,Small Box,East,Connecticut,Stamford,6901,2/26/2015,2/28/2015,147.7566,214.14
Low,0.09,107.53,5.81,Regular Air,Small Business,Furniture,Office Furnishings,Medium Box,Central,Texas,Friendswood,77546,6/14/2015,6/16/2015,69.5451,100.79
Not Specified,0.06,3.29,1.35,Regular Air,Small Business,Office Supplies,Rubber Bands,Wrap Bag,East,New York,Bethpage,11714,3/15/2015,3/17/2015,8.53,35.97
Critical,0.08,46.89,5.1,Regular Air,Corporate,Office Supplies,Appliances,Medium Box,Central,Illinois,Woodstock,60098,3/25/2015,3/27/2015,507.633,735.7
Critical,0.05,12.98,3.14,Regular Air,Corporate,Office Supplies,"Scissors, Rulers and Trimmers",Small Pack,Central,Illinois,Woodstock,60098,3/25/2015,3/25/2015,38.23,225.59
Critical,0.03,48.58,3.99,Express Air,Corporate,Office Supplies,Appliances,Small Box,East,New York,Woodmere,11598,2/24/2015,2/26/2015,100.1328,145.12
High,0.05,6.48,2.74,Regular Air,Corporate,Technology,Computer Peripherals,Small Pack,South,North Carolina,Asheboro,27203,5/9/2015,5/9/2015,15.096,94.27
High,0.09,12.53,0.5,Regular Air,Corporate,Office Supplies,Labels,Small Box,South,North Carolina,Asheboro,27203,5/9/2015,5/10/2015,14.9124,82.21
High,0.08,65.99,8.99,Express Air,Corporate,Technology,Telephones and Communication,Small Box,South,North Carolina,Asheboro,27203,5/9/2015,5/11/2015,-135.226,417.47
Not Specified,0,101.41,35,Express Air,Corporate,Office Supplies,Storage & Organization,Large Box,West,California,Thousand Oaks,91360,1/24/2015,1/25/2015,-457.73,1104.32
Not Specified,0.1,95.99,4.9,Regular Air,Corporate,Technology,Telephones and Communication,Small Box,West,California,Thousand Oaks,91360,1/24/2015,1/25/2015,-268.664,149.8
High,0.1,3.6,2.2,Regular Air,Consumer,Office Supplies,Paper,Wrap Bag,West,California,Laguna Hills,92653,2/26/2015,2/27/2015,-8.28,6.97
Low,0.03,35.41,1.99,Regular Air,Small Business,Technology,Computer Peripherals,Small Pack,South,Virginia,Blacksburg,24060,4/24/2015,4/26/2015,1912.422,367.52
Low,0,142.86,19.99,Regular Air,Small Business,Office Supplies,Storage & Organization,Small Box,South,Virginia,Blacksburg,24060,4/24/2015,5/3/2015,-739.326,1576.35
Low,0.1,4.13,0.99,Regular Air,Small Business,Office Supplies,Labels,Small Box,South,Virginia,Burke,22015,2/9/2015,2/13/2015,-40.53,52.16
Critical,0.03,223.98,15.01,Regular Air,Small Business,Office Supplies,Binders and Binder Accessories,Small Box,South,Virginia,Burke,22015,5/12/2015,5/13/2015,0.696,4881.84
Low,0.02,284.98,69.55,Delivery Truck,Small Business,Furniture,Chairs & Chairmats,Jumbo Drum,South,Virginia,Charlottesville,22901,6/7/2015,6/12/2015,15.528,926.3
Low,0.08,55.48,14.3,Regular Air,Small Business,Office Supplies,Paper,Small Box,South,Virginia,Charlottesville,22901,6/7/2015,6/9/2015,-225.5638,942.53
Medium,0.07,13.73,6.85,Regular Air,Consumer,Furniture,Office Furnishings,Wrap Bag,East,Ohio,Fairborn,45324,3/20/2015,3/21/2015,-22.72,276.64
Low,0.09,30.98,19.51,Regular Air,Consumer,Office Supplies,Envelopes,Small Box,East,Ohio,Fairfield,45014,5/3/2015,5/5/2015,-163.53,514.62
Low,0.03,49.34,10.25,Regular Air,Consumer,Furniture,Office Furnishings,Large Box,East,Ohio,Fairfield,45014,5/3/2015,5/5/2015,554.77,817.32
Not Specified,0.04,6.28,5.41,Regular Air,Consumer,Furniture,Office Furnishings,Small Box,Central,Illinois,Chicago,60611,2/14/2015,2/16/2015,-38.38,284.48
Not Specified,0.08,4.98,4.7,Regular Air,Consumer,Office Supplies,Paper,Small Box,Central,Illinois,Chicago,60611,3/14/2015,3/15/2015,-56.35,225.98
Not Specified,0.04,6.28,5.41,Regular Air,Consumer,Furniture,Office Furnishings,Small Box,Central,Texas,Conroe,77301,2/14/2015,2/16/2015,-19.9576,72.77
Not Specified,0.08,4.98,4.7,Regular Air,Consumer,Office Supplies,Paper,Small Box,Central,Texas,Conroe,77301,3/14/2015,3/15/2015,-56.35,57.7
Low,0.08,2.08,5.33,Regular Air,Corporate,Furniture,Office Furnishings,Small Box,Central,Illinois,Elgin,60123,3/3/2015,3/10/2015,-129.01,19.67
High,0,48.91,35,Regular Air,Corporate,Office Supplies,Storage & Organization,Large Box,Central,Indiana,Highland,46322,3/24/2015,3/25/2015,-628.38,514.79
Low,0.05,115.99,5.26,Regular Air,Corporate,Technology,Telephones and Communication,Small Box,East,Pennsylvania,Harrisburg,17112,1/24/2015,1/28/2015,616.5357,893.53
Not Specified,0.09,95.43,19.99,Regular Air,Corporate,Office Supplies,Storage & Organization,Small Box,East,Pennsylvania,Harrisburg,17112,6/1/2015,6/2/2015,-143.235,2053.6
Not Specified,0,6.84,8.37,Regular Air,Consumer,Office Supplies,"Scissors, Rulers and Trimmers",Small Pack,Central,Kansas,Newton,67114,1/23/2015,1/24/2015,-123.1816,37.89
Not Specified,0.07,30.98,5.76,Regular Air,Consumer,Office Supplies,Paper,Small Box,South,Virginia,Reston,20190,1/23/2015,1/25/2015,-28.798,343.79
Low,0.01,15.67,1.39,Express Air,Consumer,Office Supplies,Envelopes,Small Box,South,Virginia,Reston,20190,5/11/2015,5/11/2015,-273.98,188.09
Medium,0,13.43,5.5,Regular Air,Home Office,Office Supplies,Storage & Organization,Small Box,South,Arkansas,Hot Springs,71901,1/16/2015,1/17/2015,-253.778,129.54
Low,0.05,3.98,5.26,Regular Air,Small Business,Office Supplies,Binders and Binder Accessories,Small Box,East,Pennsylvania,Levittown,19057,3/25/2015,3/29/2015,-152.5245,49.44
Low,0.01,6.48,5.4,Regular Air,Small Business,Office Supplies,Paper,Small Box,East,Pennsylvania,Levittown,19057,3/25/2015,3/25/2015,-18.85,14.29
Medium,0.05,14.81,13.32,Regular Air,Home Office,Office Supplies,Appliances,Small Box,South,Mississippi,Meridian,39301,1/17/2015,1/20/2015,-220.052,45.28
Medium,0.05,4.2,2.26,Express Air,Home Office,Office Supplies,Paper,Wrap Bag,South,Mississippi,Meridian,39301,1/17/2015,1/19/2015,20.39337,13.57
Medium,0.05,5.68,1.39,Regular Air,Small Business,Office Supplies,Envelopes,Small Box,East,Ohio,Shaker Heights,44118,1/17/2015,1/18/2015,38.2812,55.48
Not Specified,0.03,205.99,3,Regular Air,Small Business,Technology,Telephones and Communication,Small Box,East,Ohio,Shaker Heights,44118,5/20/2015,5/21/2015,3670.3515,5319.35
Not Specified,0.01,14.28,2.99,Regular Air,Consumer,Office Supplies,Binders and Binder Accessories,Small Box,East,Pennsylvania,Pottstown,19464,1/21/2015,1/22/2015,21.0035,30.44
Medium,0.04,95.43,19.99,Regular Air,Small Business,Office Supplies,Storage & Organization,Small Box,East,Pennsylvania,Pottstown,19464,5/10/2015,5/12/2015,13.536,3251.76
Not Specified,0.07,7.59,4,Regular Air,Corporate,Furniture,Office Furnishings,Wrap Bag,South,Georgia,Marietta,30062,3/16/2015,3/18/2015,-167.048,22.48
Low,0.03,11.66,7.95,Regular Air,Corporate,Office Supplies,Pens & Art Supplies,Small Pack,South,Georgia,Martinez,30907,4/11/2015,4/20/2015,-31.094,267.32
High,0.01,23.99,6.3,Regular Air,Corporate,Technology,Office Machines,Medium Box,South,Georgia,Newnan,30265,5/29/2015,5/31/2015,-6.202,284.39
Low,0.01,300.98,64.73,Delivery Truck,Consumer,Furniture,Chairs & Chairmats,Jumbo Drum,South,North Carolina,Garner,27529,3/8/2015,3/15/2015,-48.874,974.14
Medium,0.06,16.48,1.99,Regular Air,Corporate,Technology,Computer Peripherals,Small Pack,South,Alabama,Northport,35473,1/17/2015,1/19/2015,-144.592,128.13
High,0.04,12.44,6.27,Regular Air,Corporate,Office Supplies,Storage & Organization,Medium Box,South,Arkansas,Jonesboro,72401,5/16/2015,5/17/2015,-258.566,464.94
Low,0.1,49.99,19.99,Express Air,Corporate,Technology,Computer Peripherals,Small Box,West,California,San Diego,92037,1/31/2015,2/5/2015,13.508,2188.06
Medium,0.05,6.68,5.66,Regular Air,Corporate,Office Supplies,Paper,Small Box,West,California,San Diego,92037,2/7/2015,2/9/2015,-66.48,320.93
Medium,0.03,17.7,9.47,Regular Air,Corporate,Office Supplies,Storage & Organization,Small Box,West,California,San Diego,92037,2/7/2015,2/7/2015,-52.33,261.85
High,0.04,12.44,6.27,Regular Air,Corporate,Office Supplies,Storage & Organization,Medium Box,West,California,San Diego,92037,5/16/2015,5/17/2015,-59.06,1834.61
High,0.05,35.99,1.1,Regular Air,Corporate,Technology,Telephones and Communication,Small Box,East,Ohio,Hilliard,43026,5/7/2015,5/9/2015,149.166,261.56
Not Specified,0.1,14.98,7.69,Express Air,Small Business,Office Supplies,Storage & Organization,Small Box,East,Ohio,Kent,44240,1/21/2015,1/23/2015,-76.9,114.81
High,0.04,55.48,6.79,Regular Air,Corporate,Office Supplies,Paper,Small Box,East,Ohio,Kettering,45429,2/22/2015,2/24/2015,376.8849,546.21
High,0.1,65.99,3.99,Express Air,Small Business,Technology,Telephones and Communication,Small Box,West,Idaho,Moscow,83843,4/7/2015,4/9/2015,-88.6248,272.86
Not Specified,0.02,60.98,49,Regular Air,Small Business,Office Supplies,Appliances,Large Box,East,District of Columbia,Washington,20012,4/4/2015,4/6/2015,-662.52,2119.54
Not Specified,0.02,1270.99,19.99,Regular Air,Small Business,Office Supplies,Binders and Binder Accessories,Small Box,East,District of Columbia,Washington,20012,4/4/2015,4/6/2015,9228.2256,45737.33
High,0.02,30.98,17.08,Regular Air,Small Business,Office Supplies,Paper,Small Box,East,District of Columbia,Washington,20012,6/28/2015,6/29/2015,-32.28,438.25
Not Specified,0.02,60.98,49,Regular Air,Small Business,Office Supplies,Appliances,Large Box,East,New York,Harrison,10528,4/4/2015,4/6/2015,-596.268,561.06
Not Specified,0.02,1270.99,19.99,Regular Air,Small Business,Office Supplies,Binders and Binder Accessories,Small Box,East,New York,Harrison,10528,4/4/2015,4/6/2015,7889.6877,11434.33
Not Specified,0.05,205.99,8.99,Express Air,Small Business,Technology,Telephones and Communication,Small Box,East,New York,Harrison,10528,4/4/2015,4/6/2015,1545.80976,3229.24
High,0.02,30.98,17.08,Regular Air,Small Business,Office Supplies,Paper,Small Box,East,New York,Hempstead,11550,6/28/2015,6/29/2015,-16.14,101.13
Not Specified,0.09,30.93,3.92,Regular Air,Corporate,Furniture,Office Furnishings,Small Pack,South,North Carolina,Garner,27529,6/3/2015,6/5/2015,-130.424,451.83
Not Specified,0.03,1.68,0.7,Express Air,Corporate,Office Supplies,Pens & Art Supplies,Wrap Bag,South,North Carolina,Garner,27529,6/3/2015,6/5/2015,-106.421,20.24
Medium,0.08,175.99,4.99,Regular Air,Corporate,Technology,Telephones and Communication,Small Box,South,North Carolina,Gastonia,28052,3/28/2015,3/28/2015,-16476.838,1486.34
Low,0.04,35.44,19.99,Regular Air,Corporate,Office Supplies,Paper,Small Box,South,North Carolina,Gastonia,28052,6/14/2015,6/21/2015,-108.2725,406.26
High,0.09,349.45,60,Delivery Truck,Corporate,Furniture,Tables,Jumbo Drum,South,North Carolina,Goldsboro,27534,5/3/2015,5/4/2015,-90.748,5835.41
Medium,0,55.99,2.5,Regular Air,Consumer,Technology,Telephones and Communication,Small Pack,Central,Texas,Friendswood,77546,2/12/2015,2/14/2015,-121.05808,52.1
Not Specified,0.02,4.13,6.89,Regular Air,Home Office,Office Supplies,Labels,Small Box,South,Georgia,Atlanta,30305,1/9/2015,1/10/2015,-51.737,45.87
Low,0.04,60.65,12.23,Regular Air,Home Office,Furniture,Office Furnishings,Medium Box,South,Georgia,Atlanta,30305,2/14/2015,2/16/2015,116.5063,256.77
High,0.04,124.49,51.94,Delivery Truck,Consumer,Furniture,Tables,Jumbo Box,South,Georgia,Atlanta,30305,6/12/2015,6/14/2015,-247.55157,605.82
High,0.1,35.99,5,Regular Air,Consumer,Technology,Telephones and Communication,Wrap Bag,South,Georgia,Atlanta,30305,6/12/2015,6/12/2015,-277.20924,1569
High,0.04,124.49,51.94,Delivery Truck,Consumer,Furniture,Tables,Jumbo Box,Central,Oklahoma,Enid,73703,6/12/2015,6/14/2015,-93.0645,151.46
Not Specified,0.02,4.13,6.89,Regular Air,Home Office,Office Supplies,Labels,Small Box,Central,Oklahoma,Lawton,73505,1/9/2015,1/10/2015,-48.236,10.19
Low,0.04,60.65,12.23,Regular Air,Home Office,Furniture,Office Furnishings,Medium Box,Central,Oklahoma,Lawton,73505,2/14/2015,2/16/2015,44.2911,64.19
Low,0.04,8.5,1.99,Regular Air,Consumer,Technology,Computer Peripherals,Small Pack,West,California,Torrance,90503,2/27/2015,2/28/2015,43.2752,118.57
Low,0.1,15.99,9.4,Regular Air,Consumer,Technology,Office Machines,Small Box,West,California,Torrance,90503,2/27/2015,2/27/2015,-36.21462,79.47
Low,0.09,95.99,8.99,Regular Air,Consumer,Technology,Telephones and Communication,Small Box,West,California,Torrance,90503,2/27/2015,3/3/2015,7.03296,627.28
High,0,115.99,5.92,Regular Air,Consumer,Technology,Telephones and Communication,Small Box,South,Florida,Dunedin,34698,1/22/2015,1/22/2015,-16.772,1160.42
High,0.06,19.98,10.49,Regular Air,Consumer,Furniture,Office Furnishings,Small Box,South,Florida,Dunedin,34698,3/1/2015,3/3/2015,514.1772,103.37
High,0.08,1.76,4.86,Regular Air,Consumer,Furniture,Office Furnishings,Small Box,South,Florida,Dunedin,34698,3/1/2015,3/2/2015,235.656,40.22
Not Specified,0,5.77,4.97,Regular Air,Consumer,Office Supplies,Binders and Binder Accessories,Small Box,Central,Missouri,Creve Coeur,63141,5/4/2015,5/5/2015,3.5581,52.43
Critical,0.01,50.98,6.5,Regular Air,Home Office,Technology,Computer Peripherals,Small Box,South,Georgia,Newnan,30265,3/26/2015,3/27/2015,5.3397,818.49
Medium,0.07,60.98,49,Regular Air,Home Office,Office Supplies,Appliances,Large Box,Central,Illinois,Freeport,61032,3/6/2015,3/7/2015,-807.89,410.17
Low,0.09,12.95,4.98,Regular Air,Consumer,Office Supplies,Binders and Binder Accessories,Small Box,Central,Indiana,South Bend,46614,6/14/2015,6/21/2015,123.89175,269.54
Not Specified,0.08,5.78,5.67,Regular Air,Consumer,Office Supplies,Paper,Small Box,Central,Indiana,Terre Haute,47802,2/4/2015,2/5/2015,-53.898,106.57
Low,0.07,5.43,0.95,Regular Air,Consumer,Office Supplies,Paper,Wrap Bag,Central,Indiana,Valparaiso,46383,4/22/2015,4/26/2015,26.5029,38.41
Low,0.02,10.06,2.06,Regular Air,Consumer,Office Supplies,Paper,Wrap Bag,Central,Indiana,Valparaiso,46383,1/3/2015,1/8/2015,90.6246,131.34
Not Specified,0.03,19.99,11.17,Regular Air,Corporate,Furniture,Office Furnishings,Large Box,Central,Indiana,Valparaiso,46383,4/2/2015,4/3/2015,-20.8764,251.61
High,0.06,13.99,7.51,Regular Air,Consumer,Technology,Office Machines,Medium Box,Central,Indiana,West Lafayette,47906,5/10/2015,5/12/2015,6.48324,287.99
High,0.06,15.04,1.97,Regular Air,Consumer,Office Supplies,Paper,Wrap Bag,Central,Indiana,West Lafayette,47906,5/10/2015,5/10/2015,2.332,46.86
High,0,55.48,14.3,Regular Air,Corporate,Office Supplies,Paper,Small Box,West,California,San Carlos,94070,6/12/2015,6/14/2015,454.4478,658.62
Low,0.03,5.08,2.03,Regular Air,Home Office,Furniture,Office Furnishings,Wrap Bag,West,California,San Carlos,94070,1/7/2015,1/12/2015,15.1524,21.96
High,0.03,3.28,3.97,Regular Air,Home Office,Office Supplies,Pens & Art Supplies,Wrap Bag,West,California,San Clemente,92672,1/6/2015,1/8/2015,-90.7556,24.57
Critical,0.04,205.99,8.99,Regular Air,Consumer,Technology,Telephones and Communication,Small Box,South,Georgia,Woodstock,30188,1/21/2015,1/22/2015,960.984,1008.53
Critical,0.04,880.98,44.55,Delivery Truck,Home Office,Furniture,Bookcases,Jumbo Box,Central,Illinois,Galesburg,61401,1/6/2015,1/7/2015,-13706.464,6968.9
Critical,0.04,3.68,1.32,Regular Air,Corporate,Office Supplies,"Scissors, Rulers and Trimmers",Wrap Bag,South,Florida,Dunedin,34698,6/1/2015,6/2/2015,300.9258,41.29
Medium,0.01,8.12,2.83,Express Air,Home Office,Technology,Computer Peripherals,Small Pack,East,West Virginia,Parkersburg,26101,3/17/2015,3/18/2015,-40.76,88.64
Not Specified,0.09,77.51,4,Express Air,Home Office,Technology,Computer Peripherals,Small Box,South,Mississippi,Olive Branch,38654,5/23/2015,5/25/2015,-986.524,1300.54
Not Specified,0,2.88,0.7,Regular Air,Home Office,Office Supplies,Pens & Art Supplies,Wrap Bag,South,Mississippi,Olive Branch,38654,5/23/2015,5/25/2015,-141.666,38.06
Medium,0.06,90.97,14,Delivery Truck,Home Office,Technology,Office Machines,Jumbo Drum,South,Mississippi,Pearl,39208,2/11/2015,2/12/2015,47.334,1263.35
Low,0.01,10.48,2.89,Regular Air,Consumer,Office Supplies,Pens & Art Supplies,Small Pack,Central,Michigan,Canton,48187,2/5/2015,2/7/2015,60.5616,202.38
Not Specified,0.06,17.98,8.51,Regular Air,Consumer,Technology,Office Machines,Medium Box,Central,Michigan,Dearborn,48126,4/15/2015,4/17/2015,-47.243088,56.38
Not Specified,0.1,9.99,4.78,Express Air,Consumer,Office Supplies,Paper,Small Box,Central,Michigan,Dearborn,48126,4/15/2015,4/18/2015,9.154,119.13
Low,0.01,10.48,2.89,Regular Air,Consumer,Office Supplies,Pens & Art Supplies,Small Pack,East,New York,New York City,10177,2/5/2015,2/7/2015,40.92,809.51
Not Specified,0.07,18.65,3.77,Regular Air,Consumer,Furniture,Office Furnishings,Small Pack,East,New York,New York City,10177,4/15/2015,4/16/2015,149.72,643.64
Not Specified,0.06,17.98,8.51,Regular Air,Consumer,Technology,Office Machines,Medium Box,East,New York,New York City,10177,4/15/2015,4/17/2015,-52.49232,244.31
Not Specified,0.1,9.99,4.78,Express Air,Consumer,Office Supplies,Paper,Small Box,East,New York,New York City,10177,4/15/2015,4/18/2015,7.96,466.58
Not Specified,0.08,175.99,8.99,Express Air,Consumer,Technology,Telephones and Communication,Small Box,East,New York,New York City,10177,4/15/2015,4/16/2015,-459.0828,2290.69
Medium,0.1,52.99,19.99,Express Air,Corporate,Office Supplies,Storage & Organization,Small Box,Central,Iowa,Bettendorf,52722,4/18/2015,4/19/2015,-517.17,337.59
Medium,0,9.27,4.39,Regular Air,Corporate,Office Supplies,Paper,Wrap Bag,Central,Iowa,Bettendorf,52722,5/12/2015,5/14/2015,-7.61,10.65
Not Specified,0,5.98,0.96,Regular Air,Corporate,Office Supplies,Pens & Art Supplies,Wrap Bag,Central,Iowa,Burlington,52601,2/19/2015,2/20/2015,38.0397,55.13
Medium,0.07,100.98,57.38,Delivery Truck,Corporate,Furniture,Bookcases,Jumbo Box,Central,Iowa,Burlington,52601,4/18/2015,4/21/2015,-429.86,215.32
Medium,0.03,85.99,0.99,Regular Air,Corporate,Technology,Telephones and Communication,Wrap Bag,Central,Iowa,Burlington,52601,4/18/2015,4/20/2015,264.1665,382.85
Not Specified,0.02,5.98,5.46,Regular Air,Corporate,Office Supplies,Paper,Small Box,Central,Iowa,Cedar Falls,50613,2/19/2015,2/20/2015,-47.12,44.8
Low,0.05,7.1,6.05,Regular Air,Corporate,Office Supplies,Binders and Binder Accessories,Small Box,Central,Iowa,Cedar Falls,50613,1/6/2015,1/6/2015,-101.246,100.99
Low,0.04,20.95,4,Regular Air,Corporate,Technology,Computer Peripherals,Small Box,Central,Iowa,Cedar Falls,50613,1/6/2015,1/11/2015,-1.88,142.06
Critical,0.01,10.64,5.16,Express Air,Corporate,Furniture,Office Furnishings,Small Box,Central,Iowa,Cedar Rapids,52402,3/25/2015,3/27/2015,-11.69,58.52
Low,0.05,39.06,10.55,Regular Air,Corporate,Office Supplies,Binders and Binder Accessories,Small Box,Central,Iowa,Cedar Rapids,52402,1/6/2015,1/13/2015,250.9806,363.74
Low,0.04,3.52,6.83,Regular Air,Corporate,Office Supplies,Binders and Binder Accessories,Small Box,Central,Iowa,Cedar Rapids,52402,1/6/2015,1/15/2015,-57.753,15.93
Low,0.02,15.51,17.78,Regular Air,Corporate,Office Supplies,Storage & Organization,Small Box,Central,Iowa,Cedar Rapids,52402,1/6/2015,1/13/2015,-47.97,21.28
High,0.01,155.99,8.99,Express Air,Corporate,Technology,Telephones and Communication,Small Box,West,California,San Francisco,94110,4/19/2015,4/20/2015,-219.07908,675.83
High,0.01,5.98,5.46,Regular Air,Corporate,Office Supplies,Paper,Small Box,West,California,San Gabriel,91776,4/19/2015,4/21/2015,-18.8784,28
Not Specified,0.07,40.98,2.99,Regular Air,Home Office,Office Supplies,Binders and Binder Accessories,Small Box,East,Massachusetts,Townsend,1469,3/30/2015,4/1/2015,369.2052,535.08
High,0.09,35.99,1.1,Regular Air,Consumer,Technology,Telephones and Communication,Small Box,South,Alabama,Enterprise,36330,4/1/2015,4/3/2015,19.35,222.71
High,0.01,125.99,2.5,Regular Air,Consumer,Technology,Telephones and Communication,Small Box,South,Alabama,Enterprise,36330,4/1/2015,4/2/2015,-967.834,220.52
Not Specified,0.06,6.48,5.14,Express Air,Home Office,Office Supplies,Paper,Small Box,West,California,Carlsbad,92008,3/19/2015,3/21/2015,-28.45,68.34
Not Specified,0.02,30.73,4,Regular Air,Home Office,Technology,Computer Peripherals,Small Box,East,Connecticut,Seymour,6478,3/19/2015,3/22/2015,72.78,522.22
Critical,0.09,5.98,1.49,Regular Air,Home Office,Office Supplies,Binders and Binder Accessories,Small Box,East,Massachusetts,Webster,1570,6/15/2015,6/17/2015,13.2294,28.01
Not Specified,0.08,8.09,7.96,Regular Air,Consumer,Furniture,Office Furnishings,Small Box,West,New Mexico,Alamogordo,88310,5/3/2015,5/4/2015,-88.82,80.35
Medium,0.03,90.48,19.99,Regular Air,Corporate,Office Supplies,Envelopes,Small Box,South,Florida,Palm Beach Gardens,33403,1/17/2015,1/19/2015,15.354,99.69
Medium,0.06,22.84,8.18,Regular Air,Corporate,Office Supplies,Paper,Small Box,South,Florida,Palm Beach Gardens,33403,1/17/2015,1/17/2015,-357.924,152.49
Critical,0.09,95.99,4.9,Regular Air,Consumer,Technology,Telephones and Communication,Small Box,South,Virginia,Chesapeake,23320,1/29/2015,1/31/2015,34.302,320.75
Not Specified,0.09,5.78,5.67,Regular Air,Home Office,Office Supplies,Paper,Small Box,East,New Jersey,Linden,7036,3/1/2015,3/3/2015,-7.96,11.35
Not Specified,0.05,535.64,14.7,Delivery Truck,Home Office,Technology,Office Machines,Jumbo Drum,East,Rhode Island,Barrington,2806,3/1/2015,3/3/2015,4407.44,7029.1
Low,0.09,78.8,35,Regular Air,Home Office,Office Supplies,Storage & Organization,Large Box,East,Ohio,Kettering,45429,4/17/2015,4/21/2015,-1025.0172,1059.38
Not Specified,0.03,320.64,29.2,Delivery Truck,Home Office,Furniture,Tables,Jumbo Box,East,Ohio,Lima,45801,4/5/2015,4/7/2015,429.754356,2233.46
Low,0.03,180.98,26.2,Delivery Truck,Consumer,Furniture,Chairs & Chairmats,Jumbo Drum,Central,Missouri,Webster Groves,63119,4/26/2015,4/30/2015,588.54,928.92
Critical,0,300.98,164.73,Delivery Truck,Home Office,Furniture,Chairs & Chairmats,Jumbo Drum,Central,Wisconsin,Appleton,54915,2/24/2015,2/25/2015,2653.2915,3845.35
Critical,0.09,2.94,0.96,Regular Air,Home Office,Office Supplies,Pens & Art Supplies,Wrap Bag,Central,Wisconsin,Appleton,54915,2/24/2015,2/26/2015,-1.84,3.77
High,0.01,26.17,1.39,Regular Air,Consumer,Office Supplies,Envelopes,Small Box,Central,Wisconsin,Appleton,54915,3/18/2015,3/19/2015,237.0426,343.54
Low,0.07,172.99,19.99,Regular Air,Corporate,Office Supplies,Binders and Binder Accessories,Small Box,East,Ohio,Lima,45801,5/17/2015,5/17/2015,2502.6852,3627.08
Low,0.09,7.64,1.39,Regular Air,Corporate,Office Supplies,Envelopes,Small Box,East,Ohio,Lorain,44052,5/17/2015,5/26/2015,0.688,8.34
Not Specified,0.02,29.17,6.27,Regular Air,Home Office,Office Supplies,Binders and Binder Accessories,Small Box,South,Georgia,Peachtree City,30269,1/1/2015,1/2/2015,36.906,63.32
Critical,0.03,11.99,5.99,Regular Air,Home Office,Technology,Office Machines,Medium Box,South,Arkansas,Little Rock,72209,2/27/2015,2/28/2015,-216.0298,83.72
High,0.01,125.99,8.99,Regular Air,Home Office,Technology,Telephones and Communication,Small Box,South,Arkansas,Little Rock,72209,4/16/2015,4/18/2015,-45.472,1011.44
Medium,0.08,18.7,8.99,Regular Air,Home Office,Furniture,Office Furnishings,Small Pack,South,Arkansas,North Little Rock,72113,3/27/2015,3/28/2015,16.1364,132.23
High,0.08,22.23,3.63,Regular Air,Home Office,Furniture,Office Furnishings,Small Pack,South,Arkansas,North Little Rock,72113,3/1/2015,3/3/2015,-29.61,210.33
Low,0.1,10.44,5.75,Express Air,Home Office,Office Supplies,Binders and Binder Accessories,Small Box,South,Arkansas,Paragould,72450,4/4/2015,4/11/2015,125.724,168.04
High,0,195.99,8.99,Regular Air,Home Office,Technology,Telephones and Communication,Small Box,South,Arkansas,Pine Bluff,71603,2/24/2015,2/25/2015,114.882,882.93
High,0.02,259.71,66.67,Delivery Truck,Home Office,Furniture,Tables,Jumbo Box,South,South Carolina,Greenville,29611,2/6/2015,2/6/2015,-14.448,1757.15
Not Specified,0.1,1889.99,19.99,Regular Air,Home Office,Office Supplies,Binders and Binder Accessories,Small Box,South,South Carolina,Greer,29651,1/21/2015,1/21/2015,-42.546,1786.04
Low,0.06,3.58,1.63,Regular Air,Corporate,Office Supplies,Rubber Bands,Wrap Bag,Central,Texas,Garland,75043,4/19/2015,4/23/2015,14,34.76
Low,0.04,180.98,30,Delivery Truck,Home Office,Furniture,Chairs & Chairmats,Jumbo Drum,Central,Texas,Georgetown,78626,5/30/2015,5/30/2015,52.988,561.65
Critical,0.01,42.98,4.62,Express Air,Corporate,Office Supplies,Appliances,Small Box,Central,Texas,Grand Prairie,75051,4/8/2015,4/10/2015,285.4737,413.73
Low,0.06,3.25,49,Regular Air,Home Office,Office Supplies,Appliances,Large Box,Central,Texas,Grand Prairie,75051,5/30/2015,6/5/2015,10.508,55.6
Low,0.01,110.98,13.99,Regular Air,Home Office,Furniture,Office Furnishings,Medium Box,Central,Texas,Grand Prairie,75051,5/30/2015,6/4/2015,1448.7309,2099.61
Low,0.05,3.95,2,Express Air,Home Office,Office Supplies,Rubber Bands,Wrap Bag,Central,Texas,Grand Prairie,75051,5/30/2015,6/7/2015,1.004,96.6
Medium,0.1,152.48,4,Express Air,Corporate,Technology,Computer Peripherals,Small Box,Central,Kansas,Emporia,66801,3/22/2015,3/23/2015,-521.09,558.17
Medium,0.08,6.84,8.37,Regular Air,Corporate,Office Supplies,"Scissors, Rulers and Trimmers",Small Pack,West,Utah,Draper,84020,3/22/2015,3/24/2015,-29.49,8.39
Low,0,78.65,13.99,Regular Air,Corporate,Office Supplies,Appliances,Medium Box,West,Utah,Draper,84020,4/19/2015,4/26/2015,386.0067,559.43
Low,0.08,122.99,70.2,Delivery Truck,Corporate,Furniture,Chairs & Chairmats,Jumbo Drum,West,Utah,Draper,84020,4/19/2015,4/24/2015,-1867.97,1216.52
Medium,0.08,90.98,56.2,Regular Air,Consumer,Furniture,Office Furnishings,Medium Box,East,Pennsylvania,Mount Lebanon,15228,1/26/2015,1/28/2015,-1920.9336,1058.36
Medium,0.07,5.98,5.35,Regular Air,Consumer,Office Supplies,Paper,Small Box,East,Pennsylvania,Mount Lebanon,15228,1/26/2015,1/28/2015,-37.1752,18.31
Low,0.05,424.21,110.2,Delivery Truck,Small Business,Furniture,Tables,Jumbo Box,West,Montana,Bozeman,59715,2/1/2015,2/5/2015,-213.4028,4935.22
Not Specified,0.01,6.68,4.91,Regular Air,Small Business,Office Supplies,Paper,Small Box,West,Montana,Butte,59750,1/6/2015,1/8/2015,-15.48,51.03
High,0.09,40.98,6.5,Regular Air,Consumer,Technology,Computer Peripherals,Small Box,West,Colorado,Louisville,80027,6/19/2015,6/21/2015,-50.245,746.91
High,0.09,77.51,4,Regular Air,Consumer,Technology,Computer Peripherals,Small Box,Central,Missouri,University City,63130,4/7/2015,4/9/2015,-387.1044,77.47
Low,0.09,30.98,6.5,Express Air,Consumer,Technology,Computer Peripherals,Small Box,West,Oregon,West Linn,97068,6/18/2015,6/22/2015,-55.97,204.34
Critical,0,20.28,14.39,Regular Air,Corporate,Furniture,Office Furnishings,Small Box,South,Florida,Miami,33916,1/22/2015,1/22/2015,-66.2473,206.04
Low,0.02,9.99,11.59,Regular Air,Home Office,Office Supplies,Paper,Small Box,South,Florida,Miami,33916,4/18/2015,4/27/2015,-171.1577,475.42
Low,0.02,48.04,5.79,Regular Air,Home Office,Office Supplies,Paper,Small Box,South,Florida,Miami,33916,4/18/2015,4/23/2015,624.239,3598.82
Low,0.04,6.68,4.91,Regular Air,Home Office,Office Supplies,Paper,Small Box,South,Florida,Miami,33916,4/18/2015,4/25/2015,-14.3241,41.22
Low,0.02,48.04,5.79,Regular Air,Home Office,Office Supplies,Paper,Small Box,Central,Michigan,Saginaw,48601,4/18/2015,4/23/2015,604.0191,875.39
Low,0.04,6.68,4.91,Regular Air,Home Office,Office Supplies,Paper,Small Box,Central,Michigan,Saginaw,48601,4/18/2015,4/25/2015,-11.6316,8.24
Medium,0.01,78.65,13.99,Express Air,Small Business,Office Supplies,Appliances,Medium Box,Central,Iowa,Clinton,52732,3/18/2015,3/19/2015,442.3659,641.11
Medium,0.02,11.58,5.72,Regular Air,Corporate,Office Supplies,Envelopes,Small Box,South,Mississippi,Tupelo,38801,1/18/2015,1/19/2015,-259.756,35.48
Medium,0.05,350.99,39,Delivery Truck,Corporate,Furniture,Chairs & Chairmats,Jumbo Drum,East,Pennsylvania,Willow Grove,19090,1/18/2015,1/20/2015,1469.7276,2130.04
Medium,0.04,15.99,9.4,Express Air,Corporate,Technology,Office Machines,Small Box,East,Pennsylvania,Willow Grove,19090,1/18/2015,1/20/2015,-83.55306,82.8
Medium,0.09,20.48,6.32,Regular Air,Consumer,Office Supplies,Appliances,Small Box,Central,Michigan,Dearborn Heights,48127,5/20/2015,5/21/2015,-16.89,99.02
Medium,0.06,15.67,1.39,Regular Air,Consumer,Office Supplies,Envelopes,Small Box,Central,Michigan,Dearborn Heights,48127,5/20/2015,5/21/2015,25.51,46.4
Critical,0.05,70.98,46.74,Delivery Truck,Consumer,Furniture,Bookcases,Jumbo Box,Central,Michigan,East Lansing,48823,1/10/2015,1/11/2015,-850.6524,551.51
Critical,0.05,11.55,2.36,Regular Air,Consumer,Office Supplies,Pens & Art Supplies,Wrap Bag,Central,Michigan,East Lansing,48823,1/10/2015,1/12/2015,98.5251,142.79
Critical,0.06,40.99,17.48,Regular Air,Consumer,Office Supplies,Paper,Small Box,Central,Michigan,East Lansing,48823,3/23/2015,3/25/2015,214.23,585.08
Not Specified,0.05,20.99,3.3,Regular Air,Corporate,Technology,Telephones and Communication,Small Pack,West,Colorado,Littleton,80122,5/5/2015,5/6/2015,21.8834,72.75
Not Specified,0.1,7.37,5.53,Regular Air,Consumer,Technology,Computer Peripherals,Small Pack,South,South Carolina,Hilton Head Island,29915,5/16/2015,5/16/2015,290.202,269.33
Not Specified,0.01,15.31,8.78,Regular Air,Home Office,Office Supplies,Storage & Organization,Small Box,Central,Texas,Midland,79701,5/6/2015,5/7/2015,12.146,377
Not Specified,0.05,7.99,5.03,Express Air,Home Office,Technology,Telephones and Communication,Medium Box,Central,Texas,Midland,79701,5/6/2015,5/8/2015,5.687,42.99
High,0.05,20.98,21.2,Regular Air,Home Office,Furniture,Office Furnishings,Medium Box,West,Utah,Draper,84020,1/3/2015,1/4/2015,-181.102,65.69
Not Specified,0.04,355.98,58.92,Delivery Truck,Home Office,Furniture,Chairs & Chairmats,Jumbo Drum,West,Utah,Holladay,84117,1/21/2015,1/22/2015,882.93,2748.21
Not Specified,0.09,19.98,8.68,Regular Air,Home Office,Office Supplies,Paper,Small Box,West,Utah,Holladay,84117,1/21/2015,1/22/2015,6.6804,93.19
High,0.01,30.98,6.5,Regular Air,Corporate,Technology,Computer Peripherals,Small Box,West,Utah,Holladay,84117,5/15/2015,5/16/2015,46.29,363.37
High,0.01,40.99,19.99,Regular Air,Corporate,Office Supplies,Paper,Small Box,West,Utah,Holladay,84117,5/15/2015,5/18/2015,177.79,480.75
Medium,0.1,1.6,1.29,Regular Air,Home Office,Office Supplies,Pens & Art Supplies,Wrap Bag,West,Utah,Holladay,84117,4/30/2015,4/30/2015,-14.9904,16.88
Medium,0,47.9,5.86,Regular Air,Home Office,Office Supplies,Paper,Small Box,West,Utah,Kearns,84118,2/22/2015,2/24/2015,638.3811,925.19
Not Specified,0.1,125.99,8.99,Regular Air,Consumer,Technology,Telephones and Communication,Small Box,South,South Carolina,Hilton Head Island,29915,1/25/2015,1/28/2015,17.652,408.66
Medium,0.01,16.48,1.99,Regular Air,Consumer,Technology,Computer Peripherals,Small Pack,South,South Carolina,Hilton Head Island,29915,5/7/2015,5/8/2015,739.674,122.93
Low,0,24.92,12.98,Regular Air,Consumer,Office Supplies,Binders and Binder Accessories,Small Box,South,South Carolina,Hilton Head Island,29915,6/2/2015,6/2/2015,-23.156,32.66
Not Specified,0.06,4.42,4.99,Regular Air,Corporate,Office Supplies,Envelopes,Small Box,East,New York,East Massapequa,11758,6/3/2015,6/5/2015,-10.435,14.85
Medium,0.06,4.24,5.41,Regular Air,Home Office,Office Supplies,Binders and Binder Accessories,Small Box,West,Montana,Bozeman,59715,4/17/2015,4/19/2015,-78.91668,45
Medium,0.04,6783.02,24.49,Regular Air,Home Office,Technology,Office Machines,Large Box,West,Montana,Bozeman,59715,4/17/2015,4/19/2015,-13562.63741,6569.07
Not Specified,0.03,5.78,5.37,Regular Air,Home Office,Office Supplies,Paper,Small Box,West,Colorado,Durango,81301,3/5/2015,3/6/2015,-63.35,88.22
Medium,0.1,10.48,2.89,Regular Air,Corporate,Office Supplies,Pens & Art Supplies,Small Pack,Central,Michigan,Southgate,48195,6/18/2015,6/19/2015,-8.904,40.29
High,0.07,39.48,1.99,Regular Air,Home Office,Technology,Computer Peripherals,Small Pack,Central,Iowa,Council Bluffs,51503,3/22/2015,3/24/2015,88.72,151.27
High,0,4.91,0.5,Regular Air,Home Office,Office Supplies,Labels,Small Box,Central,Iowa,Council Bluffs,51503,3/22/2015,3/24/2015,7.2519,10.51
Critical,0.06,6.48,7.49,Regular Air,Home Office,Office Supplies,Paper,Small Box,Central,Iowa,Council Bluffs,51503,4/4/2015,4/4/2015,-191.49,74.93
Critical,0.02,120.98,58.64,Delivery Truck,Home Office,Furniture,Bookcases,Jumbo Box,East,Pennsylvania,Plum,15239,2/13/2015,2/15/2015,-1330.5,1370.99
Critical,0.04,120.97,7.11,Regular Air,Corporate,Technology,Office Machines,Medium Box,Central,Texas,Greenville,75401,3/17/2015,3/17/2015,1320.5496,1913.84
Critical,0,195.99,4.2,Regular Air,Corporate,Technology,Telephones and Communication,Small Box,Central,Texas,Greenville,75401,3/17/2015,3/19/2015,1585.503,2692.12
Medium,0.03,55.98,4.86,Regular Air,Corporate,Office Supplies,Paper,Small Box,Central,Texas,Greenville,75401,3/18/2015,3/20/2015,526.0422,762.38
Critical,0.1,1.89,0.76,Regular Air,Consumer,Office Supplies,Rubber Bands,Wrap Bag,South,Florida,Palm Beach Gardens,33403,5/18/2015,5/20/2015,-40.432,36.72
Not Specified,0,73.98,14.52,Regular Air,Small Business,Technology,Computer Peripherals,Small Box,West,Montana,Bozeman,59715,3/12/2015,3/14/2015,-88.61,305.71
High,0.06,40.99,17.48,Regular Air,Small Business,Office Supplies,Paper,Small Box,East,New York,Mount Vernon,10550,4/21/2015,4/21/2015,109.16,277.12
Low,0.09,20.99,2.5,Regular Air,Corporate,Technology,Telephones and Communication,Wrap Bag,South,Arkansas,Rogers,72756,6/24/2015,7/1/2015,-136.122,100.11
Critical,0.04,4.28,5.68,Regular Air,Corporate,Office Supplies,Paper,Small Box,Central,Kansas,Liberal,67901,6/12/2015,6/14/2015,-27.375,31.54
Critical,0.06,376.13,85.63,Delivery Truck,Corporate,Furniture,Tables,Jumbo Box,Central,Kansas,Liberal,67901,6/12/2015,6/14/2015,-435.7575,4634.69
Critical,0.06,424.21,110.2,Delivery Truck,Corporate,Furniture,Tables,Jumbo Box,Central,Kansas,Liberal,67901,6/12/2015,6/13/2015,682.53,7304.03
Critical,0.06,195.99,8.99,Regular Air,Corporate,Technology,Telephones and Communication,Small Box,Central,Kansas,Liberal,67901,6/12/2015,6/14/2015,-277.222,632.65
High,0.03,15.28,1.99,Regular Air,Corporate,Technology,Computer Peripherals,Small Pack,South,Virginia,Harrisonburg,22801,6/21/2015,6/23/2015,-266.686,290.98
High,0.09,1.76,0.7,Regular Air,Corporate,Office Supplies,Pens & Art Supplies,Wrap Bag,South,Virginia,Harrisonburg,22801,6/21/2015,6/24/2015,-12.278,21.77
Not Specified,0.07,31.78,1.99,Regular Air,Home Office,Technology,Computer Peripherals,Small Pack,West,New Mexico,Albuquerque,87105,2/19/2015,2/21/2015,265.1118,384.22
Not Specified,0,5.98,2.5,Regular Air,Home Office,Office Supplies,Envelopes,Small Box,West,New Mexico,Albuquerque,87105,2/19/2015,2/20/2015,9.5608,31.64
Not Specified,0.1,35.99,1.1,Express Air,Home Office,Technology,Telephones and Communication,Small Box,West,New Mexico,Albuquerque,87105,2/19/2015,2/20/2015,390.0984,565.36
Medium,0.07,5.98,5.46,Regular Air,Corporate,Office Supplies,Paper,Small Box,South,North Carolina,Hickory,28601,2/13/2015,2/15/2015,46.65,32.76
Not Specified,0.09,28.48,1.99,Regular Air,Corporate,Technology,Computer Peripherals,Small Pack,South,North Carolina,High Point,27260,1/17/2015,1/18/2015,-1250.746,336.92
Critical,0.1,9.85,4.82,Regular Air,Corporate,Office Supplies,Pens & Art Supplies,Wrap Bag,South,North Carolina,High Point,27260,3/27/2015,3/28/2015,374.904,114.91
Critical,0.04,125.99,7.69,Regular Air,Corporate,Technology,Telephones and Communication,Small Box,South,North Carolina,High Point,27260,3/27/2015,3/28/2015,-528.836,934.52
Medium,0.02,240.98,60.2,Delivery Truck,Corporate,Furniture,Bookcases,Jumbo Box,Central,Nebraska,North Platte,69101,1/29/2015,1/31/2015,-272.7132,260.66
Medium,0.02,420.98,19.99,Regular Air,Corporate,Office Supplies,Binders and Binder Accessories,Small Box,South,Virginia,Mechanicsville,23111,1/29/2015,2/1/2015,-162.694,4249.37
Low,0.04,291.73,48.8,Delivery Truck,Corporate,Furniture,Chairs & Chairmats,Jumbo Drum,South,Virginia,Mechanicsville,23111,6/26/2015,6/30/2015,-115.9039,6676.61
Low,0.06,300.97,7.18,Regular Air,Corporate,Technology,Computer Peripherals,Small Box,South,Virginia,Newport News,23602,5/8/2015,5/8/2015,-729.988,291.4
Medium,0.09,20.89,11.52,Regular Air,Home Office,Office Supplies,Storage & Organization,Small Box,South,North Carolina,Indian Trail,28079,3/26/2015,3/27/2015,-133.546,146.5
Critical,0.09,20.99,4.81,Express Air,Home Office,Technology,Telephones and Communication,Medium Box,South,North Carolina,Indian Trail,28079,3/31/2015,4/1/2015,272.694,38.98
Low,0.1,4.24,5.41,Regular Air,Corporate,Office Supplies,Binders and Binder Accessories,Small Box,South,North Carolina,Indian Trail,28079,4/19/2015,4/23/2015,-61.6,34.16
Medium,0.1,40.98,6.5,Regular Air,Consumer,Technology,Computer Peripherals,Small Box,South,Kentucky,Fort Thomas,41075,1/12/2015,1/14/2015,66.852,120.34
Low,0.07,35.99,5.99,Regular Air,Corporate,Technology,Telephones and Communication,Wrap Bag,Central,Michigan,Eastpointe,48021,5/16/2015,5/20/2015,17.8398,153.61
Not Specified,0.03,60.98,1.99,Regular Air,Corporate,Technology,Computer Peripherals,Small Pack,Central,Michigan,Farmington Hills,48336,2/1/2015,2/1/2015,976.2672,1414.88
Not Specified,0.04,3.08,0.99,Regular Air,Corporate,Office Supplies,Labels,Small Box,Central,Michigan,Farmington Hills,48336,2/1/2015,2/2/2015,23.2047,33.63
Low,0.08,65.99,5.92,Express Air,Corporate,Technology,Telephones and Communication,Small Box,Central,Michigan,Farmington Hills,48336,5/16/2015,5/23/2015,183.843,1063.81
Not Specified,0,10.31,1.79,Regular Air,Corporate,Office Supplies,Paper,Wrap Bag,Central,Michigan,Flint,48505,2/1/2015,2/3/2015,167.463,242.7
High,0.09,260.98,41.91,Delivery Truck,Corporate,Furniture,Bookcases,Jumbo Box,Central,Michigan,Flint,48505,2/11/2015,2/13/2015,1307.2692,3377.06
High,0.01,10.52,7.94,Regular Air,Corporate,Furniture,Office Furnishings,Small Pack,Central,Michigan,Flint,48505,2/11/2015,2/13/2015,-15.8184,123.93
High,0.02,5.98,7.5,Express Air,Corporate,Office Supplies,Paper,Small Box,Central,Michigan,Flint,48505,2/11/2015,2/13/2015,-55.8324,93.96
Not Specified,0.05,291.73,48.8,Delivery Truck,Consumer,Furniture,Chairs & Chairmats,Jumbo Drum,Central,Michigan,Garden City,48135,4/7/2015,4/9/2015,550.3808,1818.41
Low,0.09,1.48,0.7,Regular Air,Corporate,Office Supplies,Rubber Bands,Wrap Bag,East,New York,Ithaca,14853,1/3/2015,1/5/2015,1.68,8.95
Low,0.06,38.06,4.5,Regular Air,Corporate,Office Supplies,Appliances,Small Box,East,New York,New City,10956,6/30/2015,7/6/2015,450.4596,652.84
Low,0.08,599.99,24.49,Regular Air,Corporate,Technology,Copiers and Fax,Large Box,East,New York,New City,10956,6/30/2015,7/8/2015,8798.1831,12750.99
Low,0.1,3.98,2.97,Express Air,Corporate,Office Supplies,Paper,Wrap Bag,East,New York,New City,10956,6/30/2015,7/4/2015,-5.385,20.54
Medium,0.08,400.98,42.52,Delivery Truck,Corporate,Furniture,Tables,Jumbo Box,West,California,Chico,95928,2/5/2015,2/6/2015,3031.9724,7840.04
Medium,0.1,300.97,7.18,Regular Air,Home Office,Technology,Computer Peripherals,Small Box,South,South Carolina,Hilton Head Island,29915,4/18/2015,4/19/2015,138.018,1094.33
Medium,0.06,39.89,3.04,Regular Air,Home Office,Furniture,Office Furnishings,Wrap Bag,South,South Carolina,Mount Pleasant,29464,4/18/2015,4/20/2015,38.874,389.97
Not Specified,0.07,14.56,3.5,Regular Air,Home Office,Office Supplies,Appliances,Small Box,South,South Carolina,Myrtle Beach,29577,1/8/2015,1/9/2015,-45.528,84.59
Medium,0.05,399.98,12.06,Delivery Truck,Corporate,Technology,Office Machines,Jumbo Box,Central,Illinois,Chicago,60601,6/6/2015,6/6/2015,567.59,9666.72
Medium,0.07,6.48,5.74,Regular Air,Corporate,Office Supplies,Paper,Small Box,Central,Illinois,Chicago,60601,6/6/2015,6/6/2015,-28.45,134.58
Medium,0.07,6.48,5.74,Regular Air,Corporate,Office Supplies,Paper,Small Box,Central,Missouri,Mehlville,63129,6/6/2015,6/6/2015,-14.225,33.65
Critical,0.08,6.68,1.5,Regular Air,Corporate,Office Supplies,Pens & Art Supplies,Wrap Bag,South,Virginia,Norfolk,23518,3/26/2015,3/28/2015,-601.804,66.12
Critical,0.08,2.89,0.49,Regular Air,Corporate,Office Supplies,Labels,Small Box,South,Virginia,Norfolk,23518,4/23/2015,4/23/2015,38.406,3.07
Critical,0.07,226.67,28.16,Delivery Truck,Corporate,Furniture,Chairs & Chairmats,Jumbo Drum,South,Virginia,Norfolk,23518,2/26/2015,2/27/2015,53.1144,255.83
Critical,0.08,20.98,53.03,Delivery Truck,Corporate,Office Supplies,Storage & Organization,Jumbo Drum,South,Virginia,Norfolk,23518,2/26/2015,2/28/2015,8.742,421.18
Medium,0.02,95.95,74.35,Delivery Truck,Corporate,Furniture,Chairs & Chairmats,Jumbo Drum,South,Virginia,Oakton,22124,4/29/2015,5/1/2015,636.522,1377.46
High,0.03,320.98,24.49,Regular Air,Home Office,Furniture,Chairs & Chairmats,Large Box,Central,Texas,Greenville,75401,4/20/2015,4/22/2015,4554.4347,6600.63
High,0.06,125.99,8.8,Regular Air,Home Office,Technology,Telephones and Communication,Small Box,Central,Texas,Greenville,75401,4/20/2015,4/21/2015,618.19308,1811.99
Critical,0.06,80.97,33.6,Delivery Truck,Consumer,Technology,Office Machines,Jumbo Drum,South,Arkansas,Sherwood,72116,2/1/2015,2/3/2015,-15.1844,799.76
High,0.04,45.19,1.99,Regular Air,Consumer,Technology,Computer Peripherals,Small Pack,South,Arkansas,West Memphis,72301,1/1/2015,1/2/2015,-61.194,609.09
High,0.03,124.49,51.94,Delivery Truck,Corporate,Furniture,Tables,Jumbo Box,South,Arkansas,West Memphis,72301,3/26/2015,3/27/2015,18.174,2761.94
Critical,0.1,5.98,5.14,Regular Air,Home Office,Office Supplies,Paper,Small Box,Central,Michigan,Sterling Heights,48310,3/18/2015,3/20/2015,-49.53,33.95
High,0.09,150.98,66.27,Delivery Truck,Home Office,Furniture,Bookcases,Jumbo Box,Central,Missouri,Gladstone,64118,1/3/2015,1/4/2015,-407.85,302.34
Low,0.05,30.42,8.65,Express Air,Home Office,Technology,Computer Peripherals,Small Box,Central,Missouri,Hazelwood,63042,1/10/2015,1/14/2015,-191.2576,334.44
High,0.01,28.99,8.59,Regular Air,Home Office,Technology,Telephones and Communication,Medium Box,West,New Mexico,Clovis,88101,2/6/2015,2/7/2015,196.52328,556.61
Not Specified,0,6.98,1.6,Regular Air,Corporate,Office Supplies,Paper,Wrap Bag,South,Florida,West Palm Beach,33407,1/31/2015,2/2/2015,-343.868,64.48
Critical,0.05,2550.14,29.7,Delivery Truck,Corporate,Technology,Office Machines,Jumbo Drum,Central,Wisconsin,Watertown,53094,4/16/2015,4/17/2015,-3971.0628,4845.27
High,0.01,5.44,7.46,Regular Air,Home Office,Office Supplies,Binders and Binder Accessories,Small Box,West,Colorado,Durango,81301,2/18/2015,2/19/2015,-18.4782,19.68
High,0.02,549.99,49,Delivery Truck,Home Office,Technology,Copiers and Fax,Jumbo Drum,West,Colorado,Durango,81301,2/18/2015,2/20/2015,-381.8412,9798.84
High,0.03,22.01,5.53,Express Air,Home Office,Office Supplies,Pens & Art Supplies,Small Pack,West,Colorado,Durango,81301,2/18/2015,2/19/2015,12.5504,154.11
High,0.09,34.76,8.22,Regular Air,Home Office,Office Supplies,Storage & Organization,Small Box,West,Colorado,Durango,81301,2/18/2015,2/20/2015,45.3324,242.97
High,0.08,17.15,4.96,Regular Air,Home Office,Office Supplies,Storage & Organization,Small Box,South,Virginia,Fairfax,20151,6/13/2015,6/16/2015,33.66,200.61
Medium,0,20.28,14.39,Regular Air,Corporate,Furniture,Office Furnishings,Small Box,South,Florida,Fort Lauderdale,33311,2/10/2015,2/12/2015,15.678,237.83
Low,0.05,20.34,35,Regular Air,Corporate,Office Supplies,Storage & Organization,Large Box,South,Virginia,Fairfax,20151,1/6/2015,1/10/2015,52.776,53.02
Not Specified,0.08,243.98,43.32,Delivery Truck,Corporate,Furniture,Chairs & Chairmats,Jumbo Drum,Central,Iowa,Dubuque,52001,1/5/2015,1/6/2015,-162.8244,248.84
High,0.08,5.74,5.01,Regular Air,Corporate,Office Supplies,Binders and Binder Accessories,Small Box,Central,Iowa,Dubuque,52001,2/9/2015,2/11/2015,-6.93082,7.21
Low,0.05,55.5,52.2,Regular Air,Home Office,Furniture,Office Furnishings,Medium Box,Central,Michigan,Warren,48093,3/16/2015,3/16/2015,-118.54,253.87
Low,0.05,442.14,14.7,Delivery Truck,Home Office,Technology,Office Machines,Jumbo Drum,Central,Michigan,Warren,48093,3/16/2015,3/25/2015,2963.48,5880.46
High,0.07,30.93,3.92,Regular Air,Home Office,Furniture,Office Furnishings,Small Pack,Central,Michigan,Warren,48093,5/3/2015,5/4/2015,398.3025,577.25
High,0.05,297.48,18.06,Delivery Truck,Home Office,Technology,Office Machines,Jumbo Drum,Central,Michigan,Warren,48093,5/3/2015,5/4/2015,709.852,4075.18
High,0.07,296.18,54.12,Delivery Truck,Home Office,Furniture,Tables,Jumbo Box,Central,Michigan,Warren,48093,5/3/2015,5/5/2015,80.8092,1798.23
Medium,0.08,30.98,8.74,Regular Air,Corporate,Office Supplies,Paper,Small Box,Central,Michigan,Westland,48185,5/20/2015,5/21/2015,371.272,727.2
Medium,0.09,159.31,60,Delivery Truck,Corporate,Furniture,Tables,Jumbo Drum,East,Pennsylvania,Sharon,16146,5/20/2015,5/22/2015,77.0008954,6173.42
Medium,0.06,55.99,5,Regular Air,Corporate,Technology,Telephones and Communication,Small Pack,East,Pennsylvania,Sharon,16146,5/20/2015,5/22/2015,27.9686,1553.7
Not Specified,0.01,5.38,7.57,Regular Air,Small Business,Office Supplies,Binders and Binder Accessories,Small Box,West,California,Pasadena,91104,1/9/2015,1/10/2015,-66.77958,18.68
Not Specified,0.05,3.28,3.97,Regular Air,Small Business,Office Supplies,Pens & Art Supplies,Wrap Bag,West,California,Pasadena,91104,1/9/2015,1/9/2015,-144.9188,36.3
Not Specified,0.09,2.78,0.97,Regular Air,Small Business,Office Supplies,Pens & Art Supplies,Wrap Bag,East,Maine,Augusta,4330,1/9/2015,1/11/2015,-5.0716,16.03
Medium,0.08,2.94,0.96,Regular Air,Small Business,Office Supplies,Pens & Art Supplies,Wrap Bag,East,Massachusetts,Worcester,1610,1/27/2015,1/29/2015,-1.18,25.35
Not Specified,0,1.48,0.7,Regular Air,Home Office,Office Supplies,Rubber Bands,Wrap Bag,South,Kentucky,Owensboro,42301,6/15/2015,6/17/2015,-203.098,19.32
High,0.09,16.98,12.39,Regular Air,Corporate,Office Supplies,Envelopes,Small Box,Central,Missouri,Independence,64055,5/8/2015,5/10/2015,-48.57,86.8
High,0.09,16.98,12.39,Regular Air,Corporate,Office Supplies,Envelopes,Small Box,East,New York,New York City,10177,5/8/2015,5/10/2015,-48.57,381.91
Critical,0.05,16.98,7.78,Regular Air,Home Office,Office Supplies,Pens & Art Supplies,Small Pack,Central,Michigan,Detroit,48227,2/14/2015,2/16/2015,-47.28,761.67
Critical,0.03,115.99,4.23,Regular Air,Home Office,Technology,Telephones and Communication,Small Box,Central,Michigan,Detroit,48227,2/14/2015,2/16/2015,722.241,5014.07
Critical,0.05,16.98,7.78,Regular Air,Home Office,Office Supplies,Pens & Art Supplies,Small Pack,South,North Carolina,New Bern,28560,2/14/2015,2/16/2015,-161,186.19
Critical,0.03,115.99,4.23,Regular Air,Home Office,Technology,Telephones and Communication,Small Box,South,North Carolina,New Bern,28560,2/14/2015,2/16/2015,848.3646,1227.94
Medium,0.03,27.48,4,Regular Air,Small Business,Technology,Computer Peripherals,Small Box,East,New York,Jamestown,14701,4/7/2015,4/8/2015,-88.8408,294.97
Medium,0.1,179.99,19.99,Regular Air,Small Business,Technology,Computer Peripherals,Small Box,East,New York,Jamestown,14701,4/7/2015,4/8/2015,1208.9904,2458.05
Medium,0.1,140.85,19.99,Regular Air,Small Business,Office Supplies,Storage & Organization,Small Box,East,New York,Jamestown,14701,4/7/2015,4/9/2015,9.9912,2465.75
Critical,0.08,100.97,7.18,Regular Air,Small Business,Technology,Computer Peripherals,Small Box,East,New York,Levittown,11756,6/26/2015,6/27/2015,126.225,650.25
Critical,0,13.4,4.95,Regular Air,Small Business,Furniture,Office Furnishings,Small Pack,East,New York,Levittown,11756,6/26/2015,6/27/2015,187.7628,272.12
Not Specified,0.03,25.98,4.08,Regular Air,Small Business,Office Supplies,Pens & Art Supplies,Small Pack,East,New York,Lindenhurst,11757,5/22/2015,5/25/2015,295.9065,428.85
Not Specified,0.1,20.98,53.03,Delivery Truck,Small Business,Office Supplies,Storage & Organization,Jumbo Drum,East,New York,Lindenhurst,11757,5/22/2015,5/22/2015,-2111.36,342.54
Critical,0.17,14.89,13.56,Regular Air,Small Business,Furniture,Office Furnishings,Large Box,Central,Minnesota,Bloomington,55420,3/25/2015,3/27/2015,-9.13,27.96
Low,0.09,160.98,30,Delivery Truck,Home Office,Furniture,Chairs & Chairmats,Jumbo Drum,Central,Minnesota,Brooklyn Center,55429,1/31/2015,1/31/2015,357.428,1635.38
Low,0.09,6.3,0.5,Regular Air,Home Office,Office Supplies,Labels,Small Box,Central,Minnesota,Brooklyn Center,55429,1/31/2015,1/31/2015,40.3512,58.48
Low,0,4.98,0.8,Regular Air,Home Office,Office Supplies,Paper,Wrap Bag,Central,Minnesota,Brooklyn Center,55429,1/31/2015,2/7/2015,27.6345,40.05
Low,0.08,145.45,17.85,Delivery Truck,Home Office,Technology,Office Machines,Jumbo Drum,Central,Minnesota,Brooklyn Park,55445,2/4/2015,2/4/2015,751.58,1117.66
Critical,0.03,399.98,12.06,Delivery Truck,Home Office,Technology,Office Machines,Jumbo Box,Central,Minnesota,Brooklyn Park,55445,1/4/2015,1/6/2015,-663.5142,807
Low,0.07,33.94,19.19,Delivery Truck,Home Office,Furniture,Chairs & Chairmats,Jumbo Drum,Central,Minnesota,Burnsville,55337,2/4/2015,2/8/2015,-157.56,169.46
Critical,0.04,296.18,154.12,Delivery Truck,Consumer,Furniture,Tables,Jumbo Box,Central,Minnesota,Burnsville,55337,2/10/2015,2/11/2015,-87.99804,5768.12
High,0.03,28.48,1.99,Regular Air,Consumer,Technology,Computer Peripherals,Small Pack,Central,Iowa,Fort Dodge,50501,1/5/2015,1/6/2015,-35.2904,55.25
High,0.01,205.99,5.99,Regular Air,Consumer,Technology,Telephones and Communication,Small Box,Central,Iowa,Fort Dodge,50501,1/5/2015,1/7/2015,-74.8836,551.22
Low,0.06,6.98,1.6,Regular Air,Home Office,Office Supplies,Paper,Wrap Bag,South,Georgia,College Park,30337,1/22/2015,1/29/2015,-98.056,83.93
Not Specified,0.08,95.99,35,Express Air,Home Office,Office Supplies,Storage & Organization,Large Box,East,Maryland,Bowie,20715,1/1/2015,1/3/2015,-425.2084,193.88
High,0.09,199.99,24.49,Express Air,Home Office,Technology,Copiers and Fax,Large Box,East,Maryland,Catonsville,21228,4/19/2015,4/21/2015,631.33,990.25
Low,0.07,3.28,3.97,Regular Air,Corporate,Office Supplies,Pens & Art Supplies,Wrap Bag,East,Ohio,Massillon,44646,6/23/2015,6/23/2015,-22.176,14.76
Low,0.02,256.99,11.25,Regular Air,Corporate,Technology,Computer Peripherals,Small Box,East,Ohio,Medina,44256,6/23/2015,6/30/2015,-214.104,808.44
Low,0.01,6.48,5.14,Regular Air,Corporate,Office Supplies,Paper,Small Box,East,Ohio,Medina,44256,6/23/2015,6/25/2015,-26.936,67.41
Low,0.09,14.2,5.3,Regular Air,Consumer,Furniture,Office Furnishings,Wrap Bag,South,Florida,Winter Garden,34787,2/28/2015,3/1/2015,-324.73,55.08
Critical,0,100.89,42,Delivery Truck,Small Business,Furniture,Chairs & Chairmats,Jumbo Drum,West,New Mexico,Hobbs,88240,2/21/2015,2/22/2015,1500.12,1608.11
Low,0.01,13.43,5.5,Express Air,Corporate,Office Supplies,Storage & Organization,Small Box,South,Florida,Lakeland,33801,4/6/2015,4/13/2015,-313.0218,99.75
Low,0,2.08,5.33,Regular Air,Home Office,Furniture,Office Furnishings,Small Box,East,Pennsylvania,State College,16801,4/13/2015,4/20/2015,-192.5532,51.41
Low,0.1,6.3,0.5,Regular Air,Corporate,Office Supplies,Labels,Small Box,South,Kentucky,Paducah,42003,1/27/2015,2/1/2015,-464.282,68.72
High,0.1,48.91,5.97,Regular Air,Corporate,Office Supplies,Paper,Small Box,South,Kentucky,Paducah,42003,4/28/2015,4/30/2015,156.7434,618.96
High,0.08,5.98,5.46,Regular Air,Corporate,Office Supplies,Paper,Small Box,South,Kentucky,Paducah,42003,4/28/2015,4/28/2015,110.118,77.54
Critical,0.07,60.97,4.5,Express Air,Corporate,Office Supplies,Appliances,Small Box,South,North Carolina,New Bern,28560,1/2/2015,1/4/2015,-42.588,361.72
Medium,0.07,70.98,30,Delivery Truck,Corporate,Furniture,Chairs & Chairmats,Jumbo Drum,South,North Carolina,New Bern,28560,3/24/2015,3/26/2015,-222.95,1373.47
High,0.06,6.68,6.93,Regular Air,Corporate,Office Supplies,Paper,Small Box,South,North Carolina,Raleigh,27604,6/12/2015,6/13/2015,7.6245,91.92
Low,0.01,7.64,1.39,Express Air,Corporate,Office Supplies,Envelopes,Small Box,South,North Carolina,Rocky Mount,27801,3/9/2015,3/13/2015,-1676.612,73.29
Low,0.07,400.97,48.26,Delivery Truck,Corporate,Technology,Office Machines,Jumbo Box,South,North Carolina,Rocky Mount,27801,3/9/2015,3/13/2015,45.1278,2961.32
Critical,0.02,4.98,0.49,Regular Air,Corporate,Office Supplies,Labels,Small Box,South,Georgia,Rome,30161,2/15/2015,2/16/2015,-52.864,87.11
Critical,0.01,20.99,0.99,Regular Air,Corporate,Technology,Telephones and Communication,Small Pack,South,Georgia,Rome,30161,2/15/2015,2/16/2015,45.378,170.46
High,0.08,4.98,0.49,Regular Air,Corporate,Office Supplies,Labels,Small Box,South,Georgia,Rome,30161,4/21/2015,4/22/2015,4949.916,4.95
High,0.09,119.99,14,Delivery Truck,Corporate,Technology,Office Machines,Jumbo Drum,South,Georgia,Rome,30161,4/21/2015,4/23/2015,1055.604,461.24
Not Specified,0.09,207.48,0.99,Regular Air,Corporate,Office Supplies,Appliances,Small Box,Central,Missouri,Joplin,64804,1/26/2015,1/29/2015,359.83,577.75
Critical,0.1,7.45,6.28,Regular Air,Corporate,Office Supplies,Binders and Binder Accessories,Small Box,Central,Missouri,Kansas City,64130,1/29/2015,2/1/2015,-69.874,59.4
Critical,0.01,6.48,7.86,Regular Air,Corporate,Office Supplies,Paper,Small Box,Central,Missouri,Kansas City,64130,1/29/2015,1/31/2015,-135.74,66.46
Critical,0.02,11.33,6.12,Regular Air,Corporate,Office Supplies,Appliances,Medium Box,Central,Missouri,Kirkwood,63122,5/26/2015,5/28/2015,-14.52,35.35
Critical,0.01,15.67,1.39,Regular Air,Corporate,Office Supplies,Envelopes,Small Box,Central,Missouri,Kirkwood,63122,5/26/2015,5/27/2015,171.2649,248.21
Low,0.08,259.71,66.67,Delivery Truck,Small Business,Furniture,Tables,Jumbo Box,South,Florida,Land O Lakes,34639,6/3/2015,6/7/2015,138.222,4086.5
Low,0.01,20.48,6.32,Regular Air,Small Business,Office Supplies,Appliances,Small Box,South,South Carolina,Mauldin,29662,2/6/2015,2/8/2015,711.2448,375.03
Low,0.09,1.86,2.58,Regular Air,Small Business,Office Supplies,Rubber Bands,Wrap Bag,South,South Carolina,Mauldin,29662,2/6/2015,2/11/2015,-1084.846963,22.11
Low,0.08,205.99,2.5,Regular Air,Small Business,Technology,Telephones and Communication,Small Box,South,South Carolina,Mauldin,29662,2/6/2015,2/11/2015,-156.772,2875.35
High,0.08,15.73,7.42,Express Air,Corporate,Office Supplies,"Scissors, Rulers and Trimmers",Small Pack,Central,Texas,Harker Heights,76543,3/16/2015,3/18/2015,-37.6,78.08
Low,0.04,120.98,3.99,Regular Air,Corporate,Office Supplies,Appliances,Small Box,Central,Texas,Harlingen,78550,5/5/2015,5/5/2015,1389.5772,2013.88
Low,0.02,55.99,5,Regular Air,Corporate,Technology,Telephones and Communication,Small Pack,Central,Texas,Harlingen,78550,5/5/2015,5/5/2015,-222.816,201.32
Low,0.05,23.99,15.68,Delivery Truck,Corporate,Furniture,Office Furnishings,Jumbo Drum,Central,Texas,Houston,77036,5/5/2015,5/9/2015,-133.71,298.51
Not Specified,0.01,195.99,8.99,Regular Air,Consumer,Technology,Telephones and Communication,Small Box,East,New York,Niagara Falls,14304,6/30/2015,6/30/2015,2653.7814,3846.06
Low,0.04,4.48,2.5,Express Air,Home Office,Office Supplies,Envelopes,Small Box,East,Pennsylvania,Greensburg,15601,6/22/2015,6/26/2015,10.32,35.93
Not Specified,0.08,205.99,2.5,Regular Air,Home Office,Technology,Telephones and Communication,Small Box,Central,Wisconsin,Eau Claire,54703,1/27/2015,1/28/2015,997.38144,1610.84
Medium,0.04,5.98,5.79,Regular Air,Home Office,Office Supplies,Paper,Small Box,Central,Wisconsin,Fitchburg,53713,2/5/2015,2/7/2015,-36.0308,86.12
Medium,0.01,11.7,6.96,Regular Air,Home Office,Office Supplies,Appliances,Medium Box,Central,Wisconsin,Franklin,53132,1/24/2015,1/26/2015,-28.954,76.87
Medium,0.02,17.7,9.47,Express Air,Corporate,Office Supplies,Storage & Organization,Small Box,South,South Carolina,Rock Hill,29730,3/13/2015,3/15/2015,-85.022,374.6
Medium,0,4.91,0.5,Regular Air,Corporate,Office Supplies,Labels,Small Box,South,South Carolina,Spartanburg,29301,2/4/2015,2/6/2015,99.198,61.87
Medium,0.01,7.28,11.15,Regular Air,Corporate,Office Supplies,Paper,Small Box,South,South Carolina,Spartanburg,29301,2/4/2015,2/5/2015,136.0314,48.88
Medium,0.1,6.68,6.93,Regular Air,Corporate,Office Supplies,Paper,Small Box,South,South Carolina,Spartanburg,29301,2/4/2015,2/7/2015,-100.072,21.56
Not Specified,0.01,18.97,9.03,Regular Air,Corporate,Office Supplies,Paper,Small Box,South,South Carolina,Summerville,29483,3/25/2015,3/25/2015,-12.0267,164.67
Not Specified,0.03,12.28,4.86,Regular Air,Corporate,Office Supplies,Paper,Small Box,South,South Carolina,Summerville,29483,3/25/2015,3/26/2015,122.508,72.74
Not Specified,0.05,34.99,7.73,Express Air,Corporate,Office Supplies,Pens & Art Supplies,Small Box,South,South Carolina,Summerville,29483,3/25/2015,3/27/2015,-12.0267,418.75
Low,0.1,54.1,19.99,Regular Air,Corporate,Office Supplies,Storage & Organization,Small Box,South,South Carolina,Summerville,29483,2/19/2015,2/24/2015,34.068,469.59
Critical,0.01,7.59,4,Regular Air,Home Office,Furniture,Office Furnishings,Wrap Bag,Central,Minnesota,Burnsville,55337,5/4/2015,5/4/2015,2.97,136.25
Not Specified,0,42.98,4.62,Regular Air,Home Office,Office Supplies,Appliances,Small Box,Central,Minnesota,Coon Rapids,55433,1/6/2015,1/8/2015,385.3029,558.41
Not Specified,0.03,21.78,5.94,Regular Air,Home Office,Office Supplies,Appliances,Medium Box,Central,Minnesota,Coon Rapids,55433,1/6/2015,1/8/2015,187.2,290.22
Medium,0.07,80.98,7.18,Regular Air,Corporate,Technology,Computer Peripherals,Small Box,Central,Minnesota,Coon Rapids,55433,2/4/2015,2/6/2015,779.4723,1129.67
Critical,0.07,270.98,50,Delivery Truck,Corporate,Furniture,Chairs & Chairmats,Jumbo Drum,South,Florida,Panama City,32404,2/11/2015,2/13/2015,27.726,2439.37
High,0.1,12.53,0.49,Regular Air,Corporate,Office Supplies,Labels,Small Box,South,Florida,Panama City,32404,1/3/2015,1/4/2015,244.464,92.02
High,0.1,146.34,43.75,Delivery Truck,Corporate,Furniture,Tables,Jumbo Box,South,Florida,Panama City,32404,1/3/2015,1/4/2015,-473.578,283.55
Critical,0.07,270.98,50,Delivery Truck,Corporate,Furniture,Chairs & Chairmats,Jumbo Drum,East,New York,New York City,10011,2/11/2015,2/13/2015,-96.05,9757.48
High,0.1,146.34,43.75,Delivery Truck,Corporate,Furniture,Tables,Jumbo Box,East,New York,New York City,10011,1/3/2015,1/4/2015,-270.85,850.64
High,0,90.48,19.99,Regular Air,Small Business,Office Supplies,Envelopes,Small Box,Central,South Dakota,Watertown,57201,6/21/2015,6/24/2015,800.2551,1159.79
Low,0.08,9.48,7.29,Regular Air,Small Business,Furniture,Office Furnishings,Small Pack,South,Florida,Lehigh Acres,33971,3/24/2015,3/26/2015,-50.4,20.22
Low,0.03,193.17,19.99,Regular Air,Small Business,Office Supplies,Storage & Organization,Small Box,South,Florida,Lehigh Acres,33971,3/24/2015,3/28/2015,-348.754,1548.97
High,0.08,68.81,60,Delivery Truck,Small Business,Office Supplies,Appliances,Jumbo Drum,West,California,Coachella,92236,3/16/2015,3/17/2015,-550.43,337.86
High,0.04,21.38,8.99,Regular Air,Small Business,Office Supplies,Pens & Art Supplies,Small Pack,West,California,Coachella,92236,3/16/2015,3/18/2015,-52.12,84.21
Not Specified,0.06,4.98,4.62,Express Air,Small Business,Technology,Computer Peripherals,Small Pack,West,California,Coachella,92236,6/19/2015,6/19/2015,-27.005,38.74
Medium,0.06,28.53,1.49,Regular Air,Home Office,Office Supplies,Binders and Binder Accessories,Small Box,Central,Iowa,Marion,52302,3/24/2015,3/27/2015,74.6385,134.09
High,0.06,180.98,26.2,Delivery Truck,Small Business,Furniture,Chairs & Chairmats,Jumbo Drum,Central,Wisconsin,Green Bay,54302,6/23/2015,6/24/2015,-122.235,191.73
Low,0.06,60.65,12.23,Regular Air,Consumer,Furniture,Office Furnishings,Medium Box,Central,Wisconsin,Greenfield,53220,4/6/2015,4/8/2015,427.0065,618.85
Not Specified,0.05,14.81,13.32,Regular Air,Small Business,Office Supplies,Appliances,Small Box,Central,Wisconsin,Greenfield,53220,4/9/2015,4/11/2015,-190.49,115.99
Not Specified,0.08,2.78,1.25,Regular Air,Small Business,Office Supplies,Pens & Art Supplies,Wrap Bag,Central,Wisconsin,Greenfield,53220,4/9/2015,4/10/2015,-8.77,19.46
Low,0.06,3.74,0.94,Regular Air,Home Office,Office Supplies,Rubber Bands,Wrap Bag,Central,Wisconsin,Greenfield,53220,6/2/2015,6/9/2015,-7.685,44.75
Critical,0.06,2.08,5.33,Regular Air,Home Office,Furniture,Office Furnishings,Small Box,East,Maryland,College Park,20740,1/13/2015,1/13/2015,-82.5592,9.23
High,0.1,6.75,2.99,Regular Air,Home Office,Office Supplies,Binders and Binder Accessories,Small Box,East,Maryland,College Park,20740,3/29/2015,3/29/2015,18.1475,96.13
Medium,0.05,11.58,6.97,Regular Air,Home Office,Office Supplies,Envelopes,Small Box,Central,Texas,Cloverleaf,77015,5/25/2015,5/28/2015,2.806,73.96
Medium,0.07,200.98,23.76,Delivery Truck,Corporate,Furniture,Chairs & Chairmats,Jumbo Drum,South,Kentucky,Paducah,42003,3/14/2015,3/15/2015,-132.426,1805.9
Medium,0.02,179.29,29.21,Delivery Truck,Corporate,Furniture,Tables,Jumbo Box,South,Kentucky,Paducah,42003,3/14/2015,3/14/2015,-411.236,311.41
Low,0.03,297.64,14.7,Delivery Truck,Corporate,Technology,Office Machines,Jumbo Drum,South,Kentucky,Pleasure Ridge Park,40258,1/10/2015,1/15/2015,-48.972,3707.05
High,0.1,218.75,69.64,Delivery Truck,Corporate,Furniture,Tables,Jumbo Box,South,Kentucky,Pleasure Ridge Park,40258,5/20/2015,5/21/2015,62.298,2805.18
Critical,0.08,6.48,7.49,Regular Air,Corporate,Office Supplies,Paper,Small Box,East,Maryland,Crofton,21114,3/30/2015,4/2/2015,-119.32,80.86
Critical,0.06,59.76,9.71,Regular Air,Consumer,Office Supplies,Storage & Organization,Small Box,East,Maryland,Cumberland,21501,6/20/2015,6/23/2015,756.6747,1096.63
Critical,0.07,195.99,4.2,Regular Air,Consumer,Technology,Telephones and Communication,Small Box,East,Maryland,Cumberland,21501,6/20/2015,6/23/2015,-222.343,632.12
Not Specified,0.09,71.37,69,Regular Air,Home Office,Furniture,Tables,Large Box,East,Maryland,Cumberland,21501,6/23/2015,6/24/2015,-1537.1356,1302.98
Critical,0.04,5.98,0.96,Regular Air,Corporate,Office Supplies,Pens & Art Supplies,Wrap Bag,East,Maryland,Edgewood,21040,4/29/2015,4/30/2015,52.6976,131.79
Critical,0.01,20.99,0.99,Regular Air,Corporate,Technology,Telephones and Communication,Wrap Bag,East,Maryland,Edgewood,21040,4/29/2015,4/30/2015,-78.19416,35.33
Not Specified,0.1,78.69,19.99,Regular Air,Consumer,Furniture,Office Furnishings,Small Box,West,California,Coachella,92236,2/15/2015,2/16/2015,465.4395,674.55
Medium,0.06,146.34,43.75,Delivery Truck,Consumer,Furniture,Tables,Jumbo Box,West,California,Coachella,92236,6/16/2015,6/18/2015,-89.27,1721.24
Medium,0,29.34,7.87,Regular Air,Consumer,Furniture,Office Furnishings,Small Box,West,Wyoming,Rock Springs,82901,3/15/2015,3/17/2015,385.37,668.38
Low,0.1,205.99,8.99,Regular Air,Corporate,Technology,Telephones and Communication,Small Box,South,Florida,Fort Lauderdale,33311,3/4/2015,3/8/2015,147,324.62
Critical,0.05,2.08,2.56,Regular Air,Home Office,Office Supplies,"Scissors, Rulers and Trimmers",Small Pack,South,Florida,Fort Lauderdale,33311,2/14/2015,2/16/2015,-1045.016,40.93
Critical,0,7.28,1.77,Regular Air,Home Office,Office Supplies,Paper,Wrap Bag,South,Florida,Fort Myers,33917,2/5/2015,2/5/2015,167.16,53.42
High,0.06,8.33,1.99,Regular Air,Corporate,Technology,Computer Peripherals,Small Pack,South,Florida,Fruit Cove,32259,2/25/2015,2/26/2015,-344.82,8.49
High,0,5.77,5.92,Regular Air,Home Office,Furniture,Office Furnishings,Medium Box,East,Ohio,Medina,44256,4/11/2015,4/13/2015,-61.5276,69.89
Low,0.07,5.98,5.79,Regular Air,Consumer,Office Supplies,Paper,Small Box,South,Florida,Pembroke Pines,33024,1/13/2015,1/15/2015,-41.9727,77.42
Medium,0.01,1.76,0.7,Regular Air,Corporate,Office Supplies,Pens & Art Supplies,Wrap Bag,Central,Minnesota,Duluth,55803,3/15/2015,3/16/2015,-1.56,7.2
High,0.05,3.28,3.97,Regular Air,Corporate,Office Supplies,Pens & Art Supplies,Wrap Bag,West,Idaho,Moscow,83843,3/5/2015,3/6/2015,-100.24,61.29
High,0.03,6.98,9.69,Regular Air,Corporate,Office Supplies,Storage & Organization,Small Box,West,Idaho,Moscow,83843,3/5/2015,3/7/2015,-262.62,109.15
Low,0.06,122.99,19.99,Regular Air,Small Business,Office Supplies,Binders and Binder Accessories,Small Box,Central,Michigan,Garden City,48135,5/5/2015,5/7/2015,1019.7096,1477.84
Not Specified,0.07,3.38,0.85,Regular Air,Small Business,Office Supplies,Pens & Art Supplies,Wrap Bag,Central,Michigan,Grand Rapids,49505,4/26/2015,4/28/2015,19.04,29.08
Low,0.08,68.81,60,Delivery Truck,Small Business,Office Supplies,Appliances,Jumbo Drum,Central,Michigan,Grand Rapids,49505,5/5/2015,5/7/2015,-1069.72,1162.46
Not Specified,0.07,3.38,0.85,Regular Air,Small Business,Office Supplies,Pens & Art Supplies,Wrap Bag,East,New York,New York City,10024,4/26/2015,4/28/2015,19.04,109.86
Low,0.06,122.99,19.99,Regular Air,Small Business,Office Supplies,Binders and Binder Accessories,Small Box,East,New York,New York City,10024,5/5/2015,5/7/2015,1408.1865,5911.35
Low,0.08,68.81,60,Delivery Truck,Small Business,Office Supplies,Appliances,Jumbo Drum,East,New York,New York City,10024,5/5/2015,5/7/2015,-1069.72,4649.85
Critical,0.1,130.98,30,Delivery Truck,Small Business,Furniture,Chairs & Chairmats,Jumbo Drum,West,New Mexico,Las Cruces,88001,5/22/2015,5/24/2015,2000.11,2259.99
Not Specified,0.06,4.77,2.39,Regular Air,Corporate,Technology,Computer Peripherals,Small Pack,East,New York,Oceanside,11572,5/25/2015,5/26/2015,-45.64,42.46
Not Specified,0.1,27.18,8.23,Regular Air,Corporate,Office Supplies,Envelopes,Small Box,East,New York,Oceanside,11572,5/25/2015,5/27/2015,204.49,314.06
Not Specified,0,999.99,13.99,Regular Air,Corporate,Technology,Office Machines,Medium Box,East,New York,Oceanside,11572,6/4/2015,6/6/2015,-1455.9972,1009.99
Not Specified,0.05,6.48,5.14,Express Air,Corporate,Office Supplies,Paper,Small Box,East,New York,Oceanside,11572,6/4/2015,6/5/2015,-22.56,92.16
Medium,0.02,6.48,7.91,Regular Air,Corporate,Office Supplies,Paper,Small Box,South,Georgia,Roswell,30076,5/29/2015,5/31/2015,-1191.526,16.5
High,0.06,105.29,10.12,Regular Air,Corporate,Furniture,Office Furnishings,Large Box,South,Georgia,Roswell,30076,1/4/2015,1/6/2015,-45.01,1202.66
Critical,0.01,11.7,5.63,Regular Air,Corporate,Office Supplies,Binders and Binder Accessories,Small Box,South,Georgia,Sandy Springs,30328,5/1/2015,5/3/2015,39.21,196.69
Critical,0.03,4.55,1.49,Regular Air,Corporate,Office Supplies,Binders and Binder Accessories,Small Box,South,Georgia,Sandy Springs,30328,5/1/2015,5/1/2015,100.38,40.28
Not Specified,0.04,60.97,4.5,Regular Air,Corporate,Office Supplies,Appliances,Small Box,South,Georgia,Savannah,31401,3/23/2015,3/24/2015,79.4232,904.31
Not Specified,0.03,7.64,5.83,Regular Air,Corporate,Office Supplies,Paper,Wrap Bag,Central,Illinois,Hanover Park,60103,2/24/2015,2/26/2015,-15.0904,96.86
Medium,0,65.99,3.99,Regular Air,Consumer,Technology,Telephones and Communication,Small Box,South,Virginia,Oakton,22124,3/14/2015,3/15/2015,-60.564,765.65
Critical,0.03,2.1,0.7,Regular Air,Consumer,Office Supplies,Pens & Art Supplies,Wrap Bag,South,Virginia,Petersburg,23805,1/6/2015,1/7/2015,-1473.906,8.72
High,0.1,599.99,24.49,Regular Air,Consumer,Technology,Copiers and Fax,Large Box,South,Virginia,Petersburg,23805,1/10/2015,1/11/2015,-343.126,6355.69
High,0.06,2.78,1.25,Regular Air,Consumer,Office Supplies,Pens & Art Supplies,Wrap Bag,South,Virginia,Petersburg,23805,1/10/2015,1/12/2015,66.36,28.09
Not Specified,0.07,225.04,11.79,Regular Air,Consumer,Office Supplies,Appliances,Medium Box,South,Virginia,Portsmouth,23701,3/26/2015,3/26/2015,-162.918,1130.15
Not Specified,0.03,7.84,4.71,Regular Air,Consumer,Office Supplies,Binders and Binder Accessories,Small Box,South,Virginia,Portsmouth,23701,3/26/2015,3/29/2015,859.7178,54.37
High,0.04,9.11,2.15,Regular Air,Consumer,Office Supplies,Paper,Wrap Bag,South,Virginia,Richmond,23223,5/6/2015,5/6/2015,-23.072,100.87
Not Specified,0.05,150.98,43.71,Delivery Truck,Home Office,Furniture,Chairs & Chairmats,Jumbo Drum,Central,Texas,Huntsville,77340,5/24/2015,5/25/2015,650.3,1857.08
Medium,0.09,3.89,7.01,Express Air,Home Office,Office Supplies,Binders and Binder Accessories,Small Box,Central,Texas,Huntsville,77340,1/22/2015,1/24/2015,-154.307,42.56
Low,0.04,100.98,7.18,Regular Air,Home Office,Technology,Computer Peripherals,Small Box,Central,Texas,Hurst,76053,1/21/2015,1/26/2015,269.94,414.91
High,0.08,30.93,3.92,Regular Air,Small Business,Furniture,Office Furnishings,Small Pack,Central,Texas,Irving,75061,3/15/2015,3/16/2015,63.0591,91.39
Low,0.08,4.48,49,Regular Air,Small Business,Office Supplies,Appliances,Large Box,Central,Texas,Irving,75061,5/2/2015,5/2/2015,139.5801,202.29
Low,0,17.67,8.99,Regular Air,Small Business,Furniture,Office Furnishings,Small Pack,Central,Texas,Irving,75061,5/2/2015,5/9/2015,109.67,168.71
High,0.03,40.99,19.99,Regular Air,Corporate,Office Supplies,Paper,Small Box,Central,Texas,Keller,76248,2/17/2015,2/18/2015,395.308,885.65
Not Specified,0.1,14.28,2.99,Regular Air,Home Office,Office Supplies,Binders and Binder Accessories,Small Box,Central,Texas,Killeen,76541,3/24/2015,3/25/2015,104.9145,152.05
Not Specified,0.04,7.08,2.35,Regular Air,Home Office,Office Supplies,Pens & Art Supplies,Wrap Bag,Central,Texas,Killeen,76541,4/10/2015,4/11/2015,24.59,49.1
Low,0.03,140.99,4.2,Regular Air,Home Office,Technology,Telephones and Communication,Small Box,Central,Texas,Killeen,76541,3/29/2015,4/6/2015,-458.744,246.44
Not Specified,0.05,8.85,5.6,Regular Air,Consumer,Office Supplies,Binders and Binder Accessories,Small Box,West,California,Los Angeles,90004,6/10/2015,6/11/2015,-9.177,199.08
High,0.07,155.06,7.07,Regular Air,Consumer,Office Supplies,Storage & Organization,Small Box,West,California,Los Angeles,90004,5/19/2015,5/19/2015,-121.75,2039.07
High,0.07,155.06,7.07,Regular Air,Consumer,Office Supplies,Storage & Organization,Small Box,Central,Oklahoma,Midwest City,73110,5/19/2015,5/19/2015,24.35,436.94
Not Specified,0.09,5.4,7.78,Express Air,Consumer,Office Supplies,Binders and Binder Accessories,Small Box,Central,Oklahoma,Midwest City,73110,6/6/2015,6/8/2015,-34.7645,37.38
Not Specified,0.05,8.85,5.6,Regular Air,Consumer,Office Supplies,Binders and Binder Accessories,Small Box,Central,Oklahoma,Moore,73160,6/10/2015,6/11/2015,-7.3416,47.4
Low,0.09,90.97,14,Delivery Truck,Home Office,Technology,Office Machines,Jumbo Drum,Central,Wisconsin,Muskego,53150,3/1/2015,3/3/2015,35.29,260
Medium,0.02,63.94,14.48,Regular Air,Consumer,Furniture,Office Furnishings,Small Box,South,Florida,Melbourne,32935,4/4/2015,4/4/2015,-100.17,709.7
Medium,0.01,5.02,5.14,Regular Air,Consumer,Technology,Computer Peripherals,Small Pack,South,Florida,Merritt Island,32953,4/4/2015,4/6/2015,-3.948,27.42
High,0.05,58.1,1.49,Regular Air,Corporate,Office Supplies,Binders and Binder Accessories,Small Box,South,Florida,Miami,33142,1/18/2015,1/18/2015,1633.986,739.06
Not Specified,0.06,2.28,5.2,Regular Air,Corporate,Office Supplies,Pens & Art Supplies,Wrap Bag,South,Florida,Miami,33142,6/1/2015,6/3/2015,-2002.6314,30.47
High,0.09,6.48,7.03,Regular Air,Consumer,Office Supplies,Paper,Small Box,Central,Minnesota,Edina,55410,6/29/2015,7/1/2015,-126.208,96.96
Not Specified,0.08,4.13,1.17,Regular Air,Home Office,Office Supplies,Pens & Art Supplies,Wrap Bag,Central,Wisconsin,Janesville,53545,5/23/2015,5/25/2015,-5.54,4.21
Medium,0.06,3499.99,24.49,Express Air,Corporate,Technology,Copiers and Fax,Large Box,South,Alabama,Hoover,35244,3/1/2015,3/4/2015,-68.432,3550.28
High,0.07,179.99,19.99,Regular Air,Home Office,Technology,Computer Peripherals,Small Box,South,Alabama,Mobile,36608,1/22/2015,1/23/2015,733.2822,1188.63
High,0.02,92.23,39.61,Express Air,Home Office,Furniture,Office Furnishings,Medium Box,South,Alabama,Mobile,36608,1/22/2015,1/23/2015,-905.9904,1009.93
High,0.02,15.22,9.73,Regular Air,Home Office,Office Supplies,Binders and Binder Accessories,Small Box,Central,Minnesota,Lino Lakes,55014,1/22/2015,1/22/2015,-21.63242,140.7
High,0.03,6.48,8.73,Regular Air,Home Office,Office Supplies,Paper,Small Box,Central,Minnesota,Edina,55410,1/3/2015,1/5/2015,-35.04,15.95
Medium,0.05,12.88,4.59,Regular Air,Home Office,Office Supplies,"Scissors, Rulers and Trimmers",Wrap Bag,Central,Minnesota,Edina,55410,5/23/2015,5/25/2015,5.98,42.35
High,0.03,6.48,8.73,Regular Air,Home Office,Office Supplies,Paper,Small Box,East,New York,New York City,10035,1/3/2015,1/5/2015,-35.04,63.78
High,0.07,9.93,1.09,Regular Air,Home Office,Office Supplies,Pens & Art Supplies,Wrap Bag,East,New York,New York City,10035,1/3/2015,1/6/2015,149.53,451.61
High,0.09,1.74,4.08,Express Air,Consumer,Furniture,Office Furnishings,Small Pack,South,Louisiana,Bossier City,71111,5/11/2015,5/13/2015,608.262,10.41
High,0.08,227.55,32.48,Delivery Truck,Consumer,Furniture,Tables,Jumbo Box,South,Louisiana,Bossier City,71111,5/11/2015,5/11/2015,-570.1696,2849.64
Not Specified,0.05,6.28,5.36,Regular Air,Consumer,Office Supplies,Binders and Binder Accessories,Small Box,South,Louisiana,Bossier City,71111,1/20/2015,1/23/2015,1.278,38.04
Not Specified,0.04,3.08,0.99,Regular Air,Consumer,Office Supplies,Labels,Small Box,South,Louisiana,Bossier City,71111,1/20/2015,1/21/2015,424.29,42.53
Medium,0.04,2.08,1.49,Regular Air,Corporate,Office Supplies,Binders and Binder Accessories,Small Box,Central,Michigan,Sault Sainte Marie,49783,2/27/2015,2/28/2015,-3.71956,14.77
Medium,0.02,53.98,5.5,Express Air,Corporate,Technology,Computer Peripherals,Small Box,Central,Michigan,Sault Sainte Marie,49783,2/27/2015,2/28/2015,101.972,438.33
Medium,0.05,4.98,5.02,Regular Air,Corporate,Office Supplies,Paper,Small Box,Central,Michigan,Sault Sainte Marie,49783,2/27/2015,2/27/2015,-16.6348,38.11
Critical,0.09,58.1,1.49,Express Air,Home Office,Office Supplies,Binders and Binder Accessories,Small Box,South,North Carolina,Salisbury,28144,4/27/2015,4/29/2015,765.75,169.46
Critical,0.04,65.99,8.99,Regular Air,Corporate,Technology,Telephones and Communication,Small Box,South,North Carolina,Salisbury,28144,3/13/2015,3/14/2015,-335.041,724.57
Low,0.1,4.91,0.5,Express Air,Home Office,Office Supplies,Labels,Small Box,Central,Illinois,Joliet,60432,2/21/2015,2/21/2015,35.2797,51.13
Critical,0.07,5.18,5.74,Express Air,Corporate,Office Supplies,Binders and Binder Accessories,Small Box,South,Louisiana,Lafayette,70506,4/6/2015,4/8/2015,-188.034,79.61
Medium,0.05,6.48,7.91,Regular Air,Corporate,Office Supplies,Paper,Small Box,South,Florida,Winter Haven,33881,3/13/2015,3/14/2015,322.122,109.99
Medium,0.03,111.03,8.64,Regular Air,Corporate,Office Supplies,Storage & Organization,Small Box,South,Florida,Winter Haven,33881,3/13/2015,3/14/2015,366.54,900.12
High,0.02,71.37,69,Regular Air,Small Business,Furniture,Tables,Large Box,South,Georgia,Statesboro,30458,2/6/2015,2/7/2015,-439.908,237.62
High,0.03,205.99,8.99,Express Air,Small Business,Technology,Telephones and Communication,Small Box,South,Georgia,Statesboro,30458,2/6/2015,2/8/2015,1087.716,176.42
Low,0,180.98,30,Delivery Truck,Small Business,Furniture,Chairs & Chairmats,Jumbo Drum,South,Georgia,Statesboro,30458,2/3/2015,2/5/2015,9.204,2084.16
Not Specified,0.04,3.08,0.99,Regular Air,Small Business,Office Supplies,Labels,Small Box,South,Georgia,Tucker,30084,6/20/2015,6/21/2015,257.0832,43.41
Not Specified,0.1,2.78,1.25,Regular Air,Small Business,Office Supplies,Pens & Art Supplies,Wrap Bag,South,Georgia,Tucker,30084,6/20/2015,6/21/2015,0.7854,46.42
Not Specified,0.02,136.98,24.49,Express Air,Small Business,Furniture,Office Furnishings,Large Box,South,Georgia,Tucker,30084,6/2/2015,6/3/2015,88.56,1140.95
High,0.08,4.91,0.5,Regular Air,Consumer,Office Supplies,Labels,Small Box,South,Arkansas,Cabot,72023,4/9/2015,4/9/2015,12.726,42.69
High,0.02,28.15,6.17,Regular Air,Consumer,Office Supplies,Pens & Art Supplies,Small Pack,South,Arkansas,Cabot,72023,4/9/2015,4/10/2015,160.8066,327.41
High,0.01,2036.48,14.7,Delivery Truck,Consumer,Technology,Office Machines,Jumbo Drum,West,California,Concord,94521,2/11/2015,2/13/2015,-1596.7458,3786.84
Medium,0.04,419.19,19.99,Regular Air,Home Office,Office Supplies,Storage & Organization,Small Box,West,California,Concord,94521,4/26/2015,4/27/2015,1388.3559,2012.11
Not Specified,0.07,65.99,8.8,Regular Air,Home Office,Technology,Telephones and Communication,Small Box,West,California,Concord,94521,1/12/2015,1/12/2015,109.836,471.66
Critical,0.09,348.21,40.19,Delivery Truck,Home Office,Furniture,Tables,Jumbo Box,West,California,Costa Mesa,92627,2/14/2015,2/16/2015,-93.85,662.8
Not Specified,0,10.01,1.99,Express Air,Home Office,Technology,Computer Peripherals,Small Pack,West,California,Costa Mesa,92627,1/12/2015,1/14/2015,82.7034,119.86
Critical,0.09,348.21,40.19,Delivery Truck,Home Office,Furniture,Tables,Jumbo Box,West,California,Los Angeles,90045,2/14/2015,2/16/2015,-93.85,2651.21
Low,0.06,4.28,0.94,Regular Air,Consumer,Office Supplies,Pens & Art Supplies,Wrap Bag,West,California,Los Angeles,90045,4/26/2015,4/28/2015,0.37,38.96
Medium,0.04,419.19,19.99,Regular Air,Home Office,Office Supplies,Storage & Organization,Small Box,West,California,Los Angeles,90045,4/26/2015,4/27/2015,1947.67,8048.45
Not Specified,0.07,65.99,8.8,Regular Air,Home Office,Technology,Telephones and Communication,Small Box,West,California,Los Angeles,90045,1/12/2015,1/12/2015,109.836,1939.03
Not Specified,0,10.01,1.99,Express Air,Home Office,Technology,Computer Peripherals,Small Pack,West,California,Los Angeles,90045,1/12/2015,1/14/2015,128.03,457.63
High,0.08,4.91,0.5,Regular Air,Consumer,Office Supplies,Labels,Small Box,West,California,Los Angeles,90045,4/9/2015,4/9/2015,31.752,170.75
High,0.02,28.15,6.17,Regular Air,Consumer,Office Supplies,Pens & Art Supplies,Small Pack,West,California,Los Angeles,90045,4/9/2015,4/10/2015,117.208,1339.42
Low,0.06,4.28,0.94,Regular Air,Consumer,Office Supplies,Pens & Art Supplies,Wrap Bag,West,Wyoming,Rock Springs,82901,4/26/2015,4/28/2015,0.37,8.66
Not Specified,0.09,355.98,58.92,Delivery Truck,Corporate,Furniture,Chairs & Chairmats,Jumbo Drum,West,California,San Diego,92024,2/18/2015,2/20/2015,1240.25,10554.63
Not Specified,0.04,218.75,69.64,Delivery Truck,Corporate,Furniture,Tables,Jumbo Box,West,California,San Diego,92024,2/18/2015,2/18/2015,-533.232,1749.64
Medium,0.09,6.28,5.41,Regular Air,Small Business,Furniture,Office Furnishings,Small Box,West,California,San Diego,92024,2/2/2015,2/4/2015,-61.59,355.4
Not Specified,0.08,1.68,1.57,Regular Air,Small Business,Office Supplies,Pens & Art Supplies,Wrap Bag,West,California,San Diego,92024,2/5/2015,2/6/2015,-46.25,148.36
Not Specified,0.09,355.98,58.92,Delivery Truck,Corporate,Furniture,Chairs & Chairmats,Jumbo Drum,Central,Illinois,Kankakee,60901,2/18/2015,2/20/2015,1240.25,2814.57
Medium,0.09,6.28,5.41,Regular Air,Small Business,Furniture,Office Furnishings,Small Box,Central,Illinois,Lake In The Hills,60102,2/2/2015,2/4/2015,-32.0268,88.85
High,0.1,24.92,12.98,Regular Air,Home Office,Office Supplies,Binders and Binder Accessories,Small Box,Central,Indiana,Munster,46321,3/19/2015,3/19/2015,-45.816,70.82
High,0,12.28,6.35,Express Air,Home Office,Office Supplies,Paper,Small Box,Central,Indiana,Munster,46321,3/19/2015,3/20/2015,30.63,90.44
Medium,0.02,6.48,8.74,Regular Air,Home Office,Office Supplies,Paper,Small Box,East,Connecticut,Cheshire,6408,6/5/2015,6/7/2015,-6.835,10.72
Medium,0.06,699.99,24.49,Express Air,Home Office,Technology,Copiers and Fax,Large Box,East,Maine,Bangor,4401,6/5/2015,6/7/2015,7024.2069,10180.01
Low,0.02,5.81,8.49,Regular Air,Home Office,Office Supplies,Binders and Binder Accessories,Small Box,East,Maine,Sanford,4073,1/8/2015,1/12/2015,-137.494,42.44
Medium,0.05,30.98,9.18,Regular Air,Home Office,Office Supplies,Paper,Small Box,East,Maine,South Portland,4106,5/5/2015,5/5/2015,308.67,462.57
Not Specified,0.04,6.48,9.54,Regular Air,Home Office,Office Supplies,Paper,Small Box,East,Massachusetts,Cambridge,2138,6/15/2015,6/17/2015,-223.944,125.37
Medium,0.02,17.15,4.96,Regular Air,Home Office,Office Supplies,Storage & Organization,Small Box,East,New Jersey,Englewood,7631,6/5/2015,6/7/2015,36.495,190.85
Medium,0.07,30.98,8.74,Regular Air,Home Office,Office Supplies,Paper,Small Box,East,Rhode Island,Providence,2908,6/5/2015,6/6/2015,255.7692,370.68
Medium,0,175.99,4.99,Regular Air,Home Office,Technology,Telephones and Communication,Small Box,Central,Texas,Corsicana,75109,2/18/2015,2/21/2015,1656.6555,2400.95
Medium,0.04,1360.14,14.7,Delivery Truck,Home Office,Technology,Office Machines,Jumbo Drum,East,Vermont,Burlington,5401,6/5/2015,6/8/2015,2639.01,7303.05
Critical,0.01,2.16,6.05,Regular Air,Corporate,Office Supplies,Binders and Binder Accessories,Small Box,South,Louisiana,Lafayette,70506,5/23/2015,5/25/2015,395.76,58.05
Critical,0.07,21.38,8.99,Regular Air,Corporate,Office Supplies,Pens & Art Supplies,Small Pack,South,Louisiana,Lake Charles,70601,5/23/2015,5/25/2015,-39.396,68.64
High,0.04,40.98,6.5,Regular Air,Small Business,Technology,Computer Peripherals,Small Box,West,California,Apple Valley,92307,3/29/2015,3/30/2015,-89.5,277.07
Medium,0.08,4,1.3,Regular Air,Small Business,Office Supplies,Paper,Wrap Bag,West,California,Atascadero,93422,5/2/2015,5/4/2015,28.4,51.99
High,0.05,35.99,3.3,Regular Air,Small Business,Technology,Telephones and Communication,Small Pack,East,Maine,Bangor,4401,3/29/2015,3/31/2015,103.2723,149.67
Not Specified,0.08,12.53,0.5,Regular Air,Home Office,Office Supplies,Labels,Small Box,South,Florida,Winter Park,32789,4/7/2015,4/8/2015,215.718,61.1
Not Specified,0.02,178.47,19.99,Regular Air,Home Office,Office Supplies,Storage & Organization,Small Box,South,Florida,Winter Springs,32708,4/7/2015,4/8/2015,106.9848,193.81
Medium,0.05,15.68,3.73,Regular Air,Small Business,Furniture,Office Furnishings,Small Pack,South,Virginia,Richmond,23223,6/11/2015,6/12/2015,3.54,257.48
Medium,0.02,195.99,4.2,Regular Air,Small Business,Technology,Telephones and Communication,Small Box,South,Virginia,Richmond,23223,6/11/2015,6/12/2015,40.284,3194.99
Medium,0.01,99.99,19.99,Express Air,Home Office,Technology,Office Machines,Small Box,South,Virginia,Springfield,22153,3/10/2015,3/12/2015,90.024,202.98
Low,0.07,6.48,9.54,Regular Air,Small Business,Office Supplies,Paper,Small Box,South,Virginia,Virginia Beach,23464,4/19/2015,4/19/2015,2.232,10.86
Low,0,35.99,0.99,Regular Air,Small Business,Technology,Telephones and Communication,Small Pack,West,California,Los Angeles,90068,4/4/2015,4/11/2015,840.051,1477.57
Low,0.05,30.98,9.18,Express Air,Small Business,Office Supplies,Paper,Small Box,West,California,Los Angeles,90068,4/21/2015,4/21/2015,61.47,382.29
Low,0.05,22.99,8.99,Regular Air,Small Business,Office Supplies,Pens & Art Supplies,Small Pack,West,California,Los Angeles,90068,4/21/2015,4/28/2015,18.27,881.74
Low,0.04,212.6,110.2,Delivery Truck,Small Business,Furniture,Tables,Jumbo Box,West,California,Los Angeles,90068,4/21/2015,4/25/2015,-513.79042,7384.18
Not Specified,0.09,5.98,1.67,Regular Air,Small Business,Office Supplies,Pens & Art Supplies,Wrap Bag,West,California,Los Angeles,90068,6/4/2015,6/7/2015,23.87,448.26
Low,0.05,30.98,9.18,Express Air,Small Business,Office Supplies,Paper,Small Box,East,Ohio,Whitehall,43213,4/21/2015,4/21/2015,61.47,95.57
Low,0.05,22.99,8.99,Regular Air,Small Business,Office Supplies,Pens & Art Supplies,Small Pack,East,Ohio,Whitehall,43213,4/21/2015,4/28/2015,18.27,214.48
Low,0.04,212.6,110.2,Delivery Truck,Small Business,Furniture,Tables,Jumbo Box,East,Ohio,Whitehall,43213,4/21/2015,4/25/2015,-513.79042,1790.1
Not Specified,0.09,5.98,1.67,Regular Air,Small Business,Office Supplies,Pens & Art Supplies,Wrap Bag,East,Ohio,Whitehall,43213,6/4/2015,6/7/2015,35.805,110.68
Low,0,35.99,0.99,Regular Air,Small Business,Technology,Telephones and Communication,Small Pack,East,Pennsylvania,York,17403,4/4/2015,4/11/2015,265.9605,385.45
Medium,0.03,12.53,7.17,Regular Air,Home Office,Office Supplies,Binders and Binder Accessories,Small Box,Central,Wisconsin,Kenosha,53142,2/12/2015,2/13/2015,-20.3205,19.32
Low,0.1,2.6,2.4,Regular Air,Home Office,Office Supplies,Pens & Art Supplies,Wrap Bag,Central,Wisconsin,Madison,53711,1/9/2015,1/14/2015,-88.04,30.1
Critical,0,12.97,1.49,Regular Air,Home Office,Office Supplies,Binders and Binder Accessories,Small Box,Central,Wisconsin,Madison,53711,2/2/2015,2/3/2015,180.2349,261.21
Critical,0.06,4.91,0.5,Regular Air,Home Office,Office Supplies,Labels,Small Box,Central,Wisconsin,Madison,53711,2/2/2015,2/2/2015,29.5251,42.79
Not Specified,0.03,160.98,30,Delivery Truck,Consumer,Furniture,Chairs & Chairmats,Jumbo Drum,East,New York,Ossining,10562,3/22/2015,3/25/2015,1261.4718,1828.22
Not Specified,0.07,3.98,5.26,Regular Air,Consumer,Office Supplies,Binders and Binder Accessories,Small Box,East,New York,Ossining,10562,4/8/2015,4/10/2015,-59.96376,29.77
Not Specified,0.07,12.22,2.85,Regular Air,Consumer,Furniture,Office Furnishings,Small Pack,East,New York,Ossining,10562,4/8/2015,4/8/2015,89.4148,147.19
Not Specified,0.08,4.55,1.49,Regular Air,Home Office,Office Supplies,Binders and Binder Accessories,Small Box,Central,Minnesota,Fridley,55432,4/8/2015,4/9/2015,27.0273,39.17
Critical,0,4.37,5.15,Regular Air,Consumer,Office Supplies,Appliances,Small Box,West,California,Davis,95616,4/25/2015,4/27/2015,-150.2604,87.85
Critical,0.01,500.98,56,Delivery Truck,Consumer,Furniture,Chairs & Chairmats,Jumbo Drum,West,California,Davis,95616,4/25/2015,4/26/2015,4899.1288,7429.63
Critical,0.02,12.58,5.16,Regular Air,Consumer,Furniture,Office Furnishings,Small Box,West,California,Davis,95616,4/25/2015,4/25/2015,44.712,224.29
Critical,0.1,7.7,3.68,Regular Air,Consumer,Furniture,Office Furnishings,Wrap Bag,West,California,Davis,95616,4/25/2015,4/26/2015,-22.626,51.2
Critical,0.01,500.98,56,Delivery Truck,Consumer,Furniture,Chairs & Chairmats,Jumbo Drum,East,New York,New York City,10165,4/25/2015,4/26/2015,4260.112,29718.53
Critical,0.1,7.7,3.68,Regular Air,Consumer,Furniture,Office Furnishings,Wrap Bag,East,New York,New York City,10165,4/25/2015,4/26/2015,-25.14,197.48
Low,0.04,8.6,6.19,Regular Air,Home Office,Office Supplies,Binders and Binder Accessories,Small Box,South,Alabama,Opelika,36801,5/2/2015,5/4/2015,309.7116,46.85
Low,0.01,3.58,1.63,Regular Air,Home Office,Office Supplies,Rubber Bands,Wrap Bag,South,Alabama,Opelika,36801,5/2/2015,5/6/2015,-128.856,93.57
Low,0.08,105.49,41.64,Delivery Truck,Home Office,Furniture,Tables,Jumbo Box,South,Alabama,Opelika,36801,5/2/2015,5/9/2015,-36.946,2694.49
High,0.09,212.6,52.2,Delivery Truck,Home Office,Furniture,Tables,Jumbo Box,South,Alabama,Phenix City,36869,1/3/2015,1/4/2015,-274.498,174.5
Medium,0.07,1.76,4.86,Regular Air,Home Office,Furniture,Office Furnishings,Small Box,South,Alabama,Phenix City,36869,1/17/2015,1/17/2015,0.588,26.01
Medium,0.04,510.14,14.7,Delivery Truck,Home Office,Technology,Office Machines,Jumbo Drum,Central,Michigan,Holland,49423,6/7/2015,6/9/2015,-251.4039,1527.97
Medium,0,4.76,3.01,Regular Air,Home Office,Office Supplies,Paper,Wrap Bag,Central,Michigan,Holland,49423,6/7/2015,6/9/2015,-2.345,110.86
Critical,0.04,6.3,0.5,Regular Air,Home Office,Office Supplies,Labels,Small Box,Central,Michigan,Inkster,48141,6/9/2015,6/11/2015,67.6062,97.98
Medium,0.01,6.48,6.57,Express Air,Home Office,Office Supplies,Paper,Small Box,Central,Wisconsin,Manitowoc,54220,2/28/2015,2/28/2015,-46.5244,127.83
Not Specified,0.02,22.72,8.99,Regular Air,Home Office,Furniture,Office Furnishings,Small Pack,Central,Wisconsin,Manitowoc,54220,6/26/2015,6/26/2015,200.0172,289.88
Low,0.02,419.19,19.99,Regular Air,Corporate,Office Supplies,Storage & Organization,Small Box,South,Georgia,Athens,30605,4/17/2015,4/17/2015,-39.606,4354.55
Low,0.01,85.99,0.99,Regular Air,Corporate,Technology,Telephones and Communication,Wrap Bag,South,Georgia,Athens,30605,3/12/2015,3/17/2015,311.73,146.17
Low,0.05,5.74,5.3,Regular Air,Corporate,Office Supplies,"Scissors, Rulers and Trimmers",Small Pack,East,New Hampshire,Merrimack,3054,3/21/2015,3/26/2015,-50.75,42.02
Critical,0.07,200.99,4.2,Regular Air,Corporate,Technology,Telephones and Communication,Small Box,East,New Jersey,Hackensack,7601,4/5/2015,4/6/2015,2225.07612,3705.14
Critical,0.01,297.48,18.06,Delivery Truck,Corporate,Technology,Office Machines,Jumbo Drum,East,New Jersey,Iselin,8830,4/5/2015,4/6/2015,-338.180832,945.36
High,0.09,5.4,7.78,Regular Air,Corporate,Office Supplies,Binders and Binder Accessories,Small Box,West,California,Davis,95616,5/16/2015,5/17/2015,-136.252,49.24
Low,0.02,50.98,13.66,Express Air,Corporate,Office Supplies,Appliances,Small Box,East,New Jersey,Fords,8863,1/24/2015,1/24/2015,-25.76,68.45
Critical,0,2.6,2.4,Regular Air,Corporate,Office Supplies,Pens & Art Supplies,Wrap Bag,Central,Michigan,Portage,49002,3/11/2015,3/13/2015,-45.21,44.75
Not Specified,0.1,3.25,49,Regular Air,Corporate,Office Supplies,Appliances,Large Box,Central,South Dakota,Aberdeen,57401,6/27/2015,6/28/2015,-286.245,40.69
Medium,0.1,7.64,1.39,Regular Air,Corporate,Office Supplies,Envelopes,Small Box,East,New York,New York City,10004,1/17/2015,1/19/2015,16.12,130.11
Medium,0,125.99,2.5,Regular Air,Corporate,Technology,Telephones and Communication,Small Box,East,New York,New York City,10004,1/17/2015,1/19/2015,-815.9008,337.34
Medium,0.1,11.55,2.36,Regular Air,Corporate,Office Supplies,Pens & Art Supplies,Wrap Bag,East,New York,New York City,10004,1/17/2015,1/18/2015,15.808,280.43
High,0.05,4.84,0.71,Express Air,Corporate,Office Supplies,Pens & Art Supplies,Wrap Bag,East,New York,New York City,10004,3/23/2015,3/23/2015,29.17,103.39
High,0.01,14.98,7.69,Regular Air,Corporate,Office Supplies,Storage & Organization,Small Box,East,New York,New York City,10004,3/23/2015,3/25/2015,-48.97,435.39
Critical,0.1,20.27,3.99,Regular Air,Corporate,Office Supplies,Appliances,Small Box,East,New York,New York City,10004,3/23/2015,3/24/2015,84.05,1051.52
High,0.05,4.84,0.71,Express Air,Corporate,Office Supplies,Pens & Art Supplies,Wrap Bag,Central,South Dakota,Sioux Falls,57103,3/23/2015,3/23/2015,17.8365,25.85
Not Specified,0.1,30.98,8.99,Regular Air,Corporate,Office Supplies,Pens & Art Supplies,Small Pack,Central,South Dakota,Sioux Falls,57103,2/9/2015,2/11/2015,-20.2228,119.37
Critical,0.1,20.27,3.99,Regular Air,Corporate,Office Supplies,Appliances,Small Box,South,Tennessee,Bartlett,38134,3/23/2015,3/24/2015,381.618,257.92
High,0.03,40.97,8.99,Express Air,Corporate,Office Supplies,Pens & Art Supplies,Small Pack,South,Tennessee,Brentwood,37027,3/19/2015,3/20/2015,-177.058,207.22
High,0.1,41.94,2.99,Regular Air,Consumer,Office Supplies,Binders and Binder Accessories,Small Box,West,California,Menlo Park,94025,2/7/2015,2/8/2015,164.082,237.8
Medium,0.02,30.53,19.99,Express Air,Corporate,Office Supplies,Labels,Small Box,Central,Oklahoma,Moore,73160,1/17/2015,1/19/2015,-54.63,448.47
Critical,0.01,194.3,11.54,Regular Air,Small Business,Furniture,Office Furnishings,Large Box,Central,Oklahoma,Norman,73071,1/5/2015,1/7/2015,690.1794,1000.26
Critical,0.02,209.84,21.21,Regular Air,Small Business,Furniture,Office Furnishings,Large Box,Central,Oklahoma,Norman,73071,1/5/2015,1/6/2015,1507.6431,2184.99
Critical,0,145.45,17.85,Delivery Truck,Small Business,Technology,Office Machines,Jumbo Drum,Central,Oklahoma,Norman,73071,1/5/2015,1/7/2015,801.7468,1191.2
High,0.07,65.99,5.99,Regular Air,Small Business,Technology,Telephones and Communication,Small Box,Central,Oklahoma,Norman,73071,1/7/2015,1/8/2015,-139.18256,165.71
Low,0.05,100.97,7.18,Express Air,Consumer,Technology,Computer Peripherals,Small Box,West,Idaho,Boise,83704,6/8/2015,6/8/2015,881.4681,1277.49
Not Specified,0.05,4.98,0.49,Regular Air,Consumer,Office Supplies,Labels,Small Box,West,New Mexico,Roswell,88201,3/19/2015,3/19/2015,3.84,14.2
Low,0.1,10.98,3.99,Regular Air,Corporate,Office Supplies,Appliances,Small Box,West,California,Bakersfield,93309,3/17/2015,3/24/2015,-21.03,52.21
Low,0.01,39.98,9.2,Regular Air,Corporate,Furniture,Office Furnishings,Wrap Bag,West,California,Bakersfield,93309,3/17/2015,3/19/2015,117.5208,170.32
High,0.01,39.98,4,Regular Air,Corporate,Technology,Computer Peripherals,Small Box,East,Maryland,Edgewood,21040,6/11/2015,6/12/2015,-30.808,203.29
Critical,0.05,35.99,5.99,Regular Air,Corporate,Technology,Telephones and Communication,Wrap Bag,East,Pennsylvania,Baldwin,15234,5/4/2015,5/5/2015,524.3172,759.88
Medium,0.06,47.9,5.86,Regular Air,Consumer,Office Supplies,Paper,Small Box,West,California,Bakersfield,93309,5/25/2015,5/27/2015,21.78,94.2
Not Specified,0.05,4.98,4.62,Regular Air,Consumer,Technology,Computer Peripherals,Small Pack,Central,Kansas,Derby,67037,2/22/2015,2/23/2015,-98.35,34.32
Not Specified,0.02,34.23,5.02,Regular Air,Consumer,Furniture,Office Furnishings,Small Box,Central,Kansas,Derby,67037,2/22/2015,2/24/2015,270.7905,392.45
Medium,0.09,89.99,42,Delivery Truck,Consumer,Furniture,Chairs & Chairmats,Jumbo Drum,South,Georgia,Atlanta,30318,4/18/2015,4/18/2015,223.416,511.25
Critical,0.07,2.94,0.81,Regular Air,Corporate,Office Supplies,Pens & Art Supplies,Wrap Bag,South,Georgia,Atlanta,30318,4/8/2015,4/9/2015,-93.9274,29.88
Critical,0.01,138.14,35,Regular Air,Small Business,Office Supplies,Storage & Organization,Large Box,East,Maine,Gorham,4038,2/24/2015,2/26/2015,-321.51,599.03
High,0.04,90.24,0.99,Regular Air,Home Office,Office Supplies,Appliances,Small Box,East,Ohio,Lakewood,44107,4/2/2015,4/4/2015,246.2748,356.92
High,0.09,47.9,5.86,Express Air,Home Office,Office Supplies,Paper,Small Box,East,Ohio,Lakewood,44107,4/2/2015,4/4/2015,93.9504,136.16
High,0.04,10.4,5.4,Regular Air,Corporate,Furniture,Office Furnishings,Small Pack,Central,South Dakota,Rapid City,57701,3/28/2015,3/29/2015,29.98,130.74
High,0.08,4.28,4.79,Regular Air,Corporate,Office Supplies,Paper,Small Box,Central,South Dakota,Rapid City,57701,3/28/2015,3/30/2015,-121.2,49.87
Not Specified,0.06,3.93,0.99,Regular Air,Home Office,Office Supplies,Rubber Bands,Wrap Bag,Central,South Dakota,Rapid City,57701,4/21/2015,4/23/2015,10.7824,24.18
High,0.05,165.2,19.99,Regular Air,Home Office,Office Supplies,Storage & Organization,Small Box,West,California,Los Angeles,90049,5/29/2015,5/29/2015,2008.71,27587.55
High,0.09,17.99,8.65,Regular Air,Home Office,Office Supplies,Pens & Art Supplies,Small Box,West,California,Los Angeles,90049,5/29/2015,5/29/2015,-80.53,1191.58
High,0.05,165.2,19.99,Regular Air,Home Office,Office Supplies,Storage & Organization,Small Box,South,Tennessee,Brentwood,37027,5/29/2015,5/29/2015,-48.958,6938.19
Critical,0.03,41.32,58.66,Express Air,Small Business,Furniture,Office Furnishings,Medium Box,South,Virginia,Winchester,22601,6/16/2015,6/17/2015,-32.816,419.27
Critical,0,6.88,2,Regular Air,Small Business,Office Supplies,Paper,Wrap Bag,South,Virginia,Winchester,22601,6/16/2015,6/16/2015,-15.61,36
Low,0.09,8.74,1.39,Express Air,Small Business,Office Supplies,Envelopes,Small Box,South,Florida,Port Charlotte,33952,2/15/2015,2/20/2015,23.616,11.78
Low,0.09,18.97,9.03,Regular Air,Small Business,Office Supplies,Paper,Small Box,South,Florida,Port Charlotte,33952,2/15/2015,2/20/2015,-1748.012,20.96
Low,0.07,4.97,5.71,Regular Air,Small Business,Furniture,Office Furnishings,Medium Box,South,Florida,Port Charlotte,33952,4/10/2015,4/15/2015,-180.152,26.66
Low,0.09,2.62,0.8,Regular Air,Small Business,Office Supplies,Rubber Bands,Wrap Bag,South,Florida,Port Charlotte,33952,4/10/2015,4/12/2015,8.388,29.55
Low,0.03,65.99,8.8,Regular Air,Small Business,Technology,Telephones and Communication,Small Box,South,Florida,Port Charlotte,33952,4/10/2015,4/10/2015,9.9399,1237.4
High,0,7.38,11.51,Regular Air,Small Business,Office Supplies,Binders and Binder Accessories,Small Box,East,New York,Plainview,11803,4/4/2015,4/5/2015,-66.171,17.64
Critical,0.09,3.75,0.5,Regular Air,Home Office,Office Supplies,Labels,Small Box,East,New Jersey,Clifton,7011,5/4/2015,5/6/2015,51.2187,74.23
Critical,0.01,30.98,9.18,Regular Air,Home Office,Office Supplies,Paper,Small Box,East,Vermont,Bennington,5201,5/4/2015,5/4/2015,380.468,627.19
Critical,0.05,107.53,5.81,Regular Air,Home Office,Furniture,Office Furnishings,Medium Box,South,Alabama,Tuscaloosa,35401,3/5/2015,3/6/2015,-89.418,612.92
Critical,0.04,1.74,4.08,Regular Air,Corporate,Furniture,Office Furnishings,Small Pack,South,Alabama,Vestavia Hills,35216,2/23/2015,2/25/2015,9.252,29.08
Critical,0.01,119.99,56.14,Delivery Truck,Corporate,Technology,Office Machines,Jumbo Box,South,Alabama,Vestavia Hills,35216,2/23/2015,2/24/2015,-1197.042,2569.57
Critical,0.06,4.98,4.95,Regular Air,Corporate,Office Supplies,Binders and Binder Accessories,Small Box,West,Arizona,Bullhead City,86442,5/22/2015,5/24/2015,-103.224,78.99
Not Specified,0.04,70.98,26.74,Delivery Truck,Corporate,Furniture,Bookcases,Jumbo Box,West,Arizona,Bullhead City,86442,4/8/2015,4/10/2015,-84.6288,1345.33
Critical,0.06,3.6,2.2,Regular Air,Consumer,Office Supplies,Paper,Wrap Bag,South,Florida,Pensacola,32503,4/30/2015,5/2/2015,2755.6422,15.19
Low,0.03,13.48,4.51,Express Air,Consumer,Office Supplies,Storage & Organization,Small Box,South,Florida,Pensacola,32503,4/30/2015,5/4/2015,-256.018,59.49
Medium,0.07,60.97,4.5,Regular Air,Consumer,Office Supplies,Appliances,Small Box,East,Maryland,Ellicott City,21042,5/28/2015,5/30/2015,-41.77,57.84
Medium,0,90.98,56.2,Regular Air,Consumer,Furniture,Office Furnishings,Medium Box,East,Maryland,Ellicott City,21042,5/28/2015,5/30/2015,-1014.11,1425.71
Critical,0.07,2.88,0.5,Regular Air,Corporate,Office Supplies,Labels,Small Box,Central,Michigan,Kalamazoo,49001,6/21/2015,6/24/2015,17.4294,25.26
Critical,0.03,348.21,40.19,Delivery Truck,Corporate,Furniture,Tables,Jumbo Box,Central,Michigan,Kalamazoo,49001,6/21/2015,6/22/2015,-178.8696,736.16
Low,0.01,29.89,1.99,Regular Air,Corporate,Technology,Computer Peripherals,Small Pack,Central,Michigan,Lansing,48911,1/12/2015,1/16/2015,-74.64,31.96
Critical,0.1,6.74,1.72,Regular Air,Consumer,Office Supplies,Paper,Wrap Bag,Central,Illinois,Lansing,60438,3/1/2015,3/3/2015,65.41,98.17
Critical,0,40.48,19.99,Regular Air,Small Business,Technology,Computer Peripherals,Small Box,South,Georgia,Dalton,30721,6/16/2015,6/17/2015,-25.634,264.95
Critical,0.06,4.98,7.44,Regular Air,Home Office,Office Supplies,Paper,Small Box,South,Tennessee,Chattanooga,37421,5/1/2015,5/2/2015,-37.562,53.21
Critical,0.01,6.48,7.37,Regular Air,Home Office,Office Supplies,Paper,Small Box,South,Tennessee,Chattanooga,37421,5/1/2015,5/3/2015,-449.694,122.8
Not Specified,0.05,28.15,6.17,Regular Air,Home Office,Office Supplies,Pens & Art Supplies,Small Pack,South,Tennessee,Clarksville,37042,1/17/2015,1/18/2015,-66.248,282.38
Low,0.08,230.98,23.78,Delivery Truck,Consumer,Furniture,Tables,Jumbo Box,West,Washington,Bellingham,98226,3/6/2015,3/10/2015,501.69,924.8
Not Specified,0.05,100.98,7.18,Regular Air,Small Business,Technology,Computer Peripherals,Small Box,East,Vermont,Rutland,5701,4/22/2015,4/24/2015,566.6073,821.17
Medium,0.03,15.31,8.78,Regular Air,Small Business,Office Supplies,Storage & Organization,Small Box,East,Vermont,Rutland,5701,6/1/2015,6/2/2015,-57.56,194.08
Critical,0.02,33.98,1.99,Regular Air,Small Business,Technology,Computer Peripherals,Small Pack,East,Vermont,South Burlington,5403,4/13/2015,4/15/2015,164.0613,237.77
Low,0.01,35.99,5.99,Regular Air,Small Business,Technology,Telephones and Communication,Wrap Bag,West,Idaho,Caldwell,83605,3/12/2015,3/19/2015,218.2332,316.28
Medium,0.01,220.98,64.66,Delivery Truck,Corporate,Furniture,Bookcases,Jumbo Box,West,Arizona,Chandler,85224,3/18/2015,3/19/2015,1049.03,2591.09
Medium,0.08,9.98,12.52,Regular Air,Corporate,Furniture,Office Furnishings,Small Box,East,New York,New York City,10115,2/5/2015,2/7/2015,-102.93,150.24
Medium,0.01,220.98,64.66,Delivery Truck,Corporate,Furniture,Bookcases,Jumbo Box,East,New York,New York City,10115,3/18/2015,3/19/2015,1049.03,10364.36
Critical,0.02,161.55,19.99,Regular Air,Small Business,Office Supplies,Storage & Organization,Small Box,South,Virginia,Waynesboro,22980,3/8/2015,3/8/2015,664.518,657.61
Medium,0.08,22.01,5.53,Regular Air,Corporate,Office Supplies,Pens & Art Supplies,Small Pack,East,Connecticut,Waterbury,6708,4/22/2015,4/24/2015,105.7,241.97
Medium,0.02,29.74,6.64,Regular Air,Corporate,Office Supplies,Storage & Organization,Small Box,East,New Jersey,Hackensack,7601,4/22/2015,4/22/2015,-21.06,120.81
Low,0.03,5.85,2.27,Regular Air,Corporate,Office Supplies,Pens & Art Supplies,Wrap Bag,East,New Jersey,Lindenwold,8021,5/28/2015,5/30/2015,-5.08,41.4
Critical,0.02,11.55,2.36,Regular Air,Corporate,Office Supplies,Pens & Art Supplies,Wrap Bag,South,Georgia,Dunwoody,30338,3/8/2015,3/10/2015,1289.382,159.53
High,0.07,177.98,0.99,Regular Air,Corporate,Office Supplies,Appliances,Small Box,South,Georgia,East Point,30344,6/13/2015,6/13/2015,-191.548,536.29
Not Specified,0.1,5.18,5.74,Regular Air,Corporate,Office Supplies,Binders and Binder Accessories,Small Box,West,California,Dublin,94568,3/26/2015,3/28/2015,-29.003,10.96
Low,0.07,574.74,24.49,Regular Air,Consumer,Technology,Office Machines,Large Box,Central,Illinois,Franklin Park,60131,1/30/2015,2/4/2015,2860.9332,4146.28
Critical,0.03,350.98,30,Delivery Truck,Consumer,Furniture,Chairs & Chairmats,Jumbo Drum,East,Maryland,Gaithersburg,20877,1/12/2015,1/15/2015,2692.4421,3902.09
Critical,0.04,1.68,1,Regular Air,Consumer,Office Supplies,Pens & Art Supplies,Wrap Bag,East,Maryland,Gaithersburg,20877,1/12/2015,1/14/2015,2.0672,14.18
High,0.05,205.99,8.99,Express Air,Consumer,Technology,Telephones and Communication,Small Box,South,North Carolina,Wilmington,28403,2/11/2015,2/12/2015,111.0525,2118.99
High,0.08,205.99,8.99,Regular Air,Consumer,Technology,Telephones and Communication,Small Box,South,North Carolina,Wilmington,28403,2/11/2015,2/12/2015,-1963.752,837.64
Critical,0.01,35.99,5.99,Regular Air,Corporate,Technology,Telephones and Communication,Wrap Bag,South,North Carolina,Wilson,27893,6/11/2015,6/12/2015,-60.704,345.07
Low,0.09,2.16,6.05,Regular Air,Consumer,Office Supplies,Binders and Binder Accessories,Small Box,West,Oregon,Woodburn,97071,1/31/2015,2/4/2015,-37.789,5.48
Low,0.03,808.49,55.3,Delivery Truck,Consumer,Technology,Office Machines,Jumbo Drum,West,Oregon,Woodburn,97071,1/31/2015,2/7/2015,7576.11,8201.33
Low,0,6.48,8.19,Regular Air,Consumer,Office Supplies,Paper,Small Box,West,Oregon,Woodburn,97071,1/31/2015,2/7/2015,-43.26,22.67
Not Specified,0.01,47.98,3.61,Express Air,Consumer,Technology,Computer Peripherals,Small Pack,South,Louisiana,Metairie,70003,3/12/2015,3/13/2015,-44.436,393.98
Critical,0.09,2.88,0.7,Regular Air,Corporate,Office Supplies,Pens & Art Supplies,Wrap Bag,Central,Michigan,Madison Heights,48071,1/15/2015,1/15/2015,4.85,19.29
Medium,0.06,2.61,0.5,Regular Air,Corporate,Office Supplies,Labels,Small Box,Central,Iowa,Marshalltown,50158,3/20/2015,3/22/2015,3.5949,5.21
High,0.07,4.76,0.88,Regular Air,Corporate,Office Supplies,Paper,Wrap Bag,Central,Iowa,Marshalltown,50158,6/7/2015,6/7/2015,15.8148,22.92
Low,0.04,3.57,4.17,Regular Air,Corporate,Office Supplies,Pens & Art Supplies,Small Pack,Central,Iowa,Mason City,50401,1/26/2015,1/28/2015,-69.91,30.9
Low,0.05,200.99,4.2,Regular Air,Corporate,Technology,Telephones and Communication,Small Box,Central,Iowa,Mason City,50401,1/26/2015,1/30/2015,1630.5252,2363.08
Low,0.07,195.99,8.99,Regular Air,Corporate,Technology,Telephones and Communication,Small Box,Central,Iowa,Mason City,50401,1/26/2015,1/26/2015,-457.16,328.45
Medium,0.02,30.44,1.49,Regular Air,Corporate,Office Supplies,Binders and Binder Accessories,Small Box,Central,Iowa,Sioux City,51106,1/21/2015,1/23/2015,266.7609,386.61
Medium,0,5.02,5.14,Regular Air,Consumer,Technology,Computer Peripherals,Small Pack,East,Pennsylvania,Pittsburgh,15122,1/10/2015,1/11/2015,-159.3028,43.94
Medium,0.02,4.91,0.5,Regular Air,Corporate,Office Supplies,Labels,Small Box,East,Pennsylvania,Pittsburgh,15122,1/21/2015,1/22/2015,29.8839,43.31
Low,0,17.52,8.17,Regular Air,Home Office,Office Supplies,Appliances,Medium Box,West,Arizona,Chandler,85224,6/28/2015,7/3/2015,52.764,284.34
Medium,0.07,500.98,28.14,Delivery Truck,Small Business,Technology,Office Machines,Jumbo Drum,West,California,East Los Angeles,90022,2/5/2015,2/6/2015,2699.9838,3913.02
Medium,0.1,178.47,19.99,Regular Air,Small Business,Office Supplies,Storage & Organization,Small Box,West,California,East Los Angeles,90022,2/5/2015,2/7/2015,-170.98,180.14
Medium,0.07,30.56,2.99,Regular Air,Corporate,Office Supplies,Binders and Binder Accessories,Small Box,South,Tennessee,Cleveland,37311,2/7/2015,2/7/2015,-95.6186,364.92
High,0.05,4.71,0.7,Express Air,Corporate,Office Supplies,Rubber Bands,Wrap Bag,East,Ohio,Newark,43055,6/1/2015,6/2/2015,-2.376,12.16
High,0.04,55.99,1.25,Express Air,Corporate,Technology,Telephones and Communication,Small Pack,East,Ohio,Newark,43055,6/1/2015,6/2/2015,-18.3216,147.56
Low,0.08,6.48,2.74,Regular Air,Home Office,Technology,Computer Peripherals,Small Pack,Central,Missouri,Oakville,63129,5/10/2015,5/12/2015,-82.64,113.68
Not Specified,0.1,22.01,5.53,Regular Air,Home Office,Office Supplies,Pens & Art Supplies,Small Pack,Central,Missouri,Oakville,63129,1/14/2015,1/15/2015,31.59,281.75
Low,0.02,21.98,2.87,Regular Air,Corporate,Office Supplies,Pens & Art Supplies,Small Pack,West,Nevada,North Las Vegas,89031,4/30/2015,5/2/2015,165.6345,240.05
Low,0.02,27.48,4,Regular Air,Consumer,Technology,Computer Peripherals,Small Box,West,Idaho,Boise,83701,5/20/2015,5/27/2015,19.308,87.21
Low,0.08,10.06,2.06,Regular Air,Consumer,Office Supplies,Paper,Wrap Bag,West,Idaho,Boise,83701,5/20/2015,5/24/2015,0.33,40.15
High,0.05,11.29,5.03,Regular Air,Corporate,Office Supplies,Storage & Organization,Small Box,West,California,El Centro,92243,2/19/2015,2/21/2015,-35.26,90.46
Medium,0.07,39.48,1.99,Regular Air,Corporate,Technology,Computer Peripherals,Small Pack,West,California,El Centro,92243,6/1/2015,6/2/2015,322.2507,467.03
Not Specified,0.03,140.98,36.09,Delivery Truck,Small Business,Furniture,Bookcases,Jumbo Box,Central,Minnesota,Inver Grove Heights,55076,3/25/2015,3/27/2015,-221.5,608.81
Not Specified,0.08,65.99,8.99,Regular Air,Small Business,Technology,Telephones and Communication,Small Box,Central,Minnesota,Inver Grove Heights,55076,3/25/2015,3/26/2015,206.352,808.61
High,0.07,51.98,10.17,Regular Air,Home Office,Technology,Office Machines,Medium Box,Central,Oklahoma,Tulsa,74133,3/8/2015,3/10/2015,439.7853,637.37
High,0.1,80.97,33.6,Delivery Truck,Home Office,Technology,Office Machines,Jumbo Drum,Central,Oklahoma,Tulsa,74133,3/8/2015,3/11/2015,-149.4573,232.16
High,0,21.98,2.87,Regular Air,Corporate,Office Supplies,Pens & Art Supplies,Small Pack,South,Florida,North Miami,33161,3/19/2015,3/20/2015,21.096,360.03
Medium,0.05,15.68,3.73,Regular Air,Corporate,Furniture,Office Furnishings,Small Pack,South,Florida,North Miami,33161,6/11/2015,6/13/2015,1166.628,260.01
Medium,0,14.98,8.99,Regular Air,Corporate,Furniture,Office Furnishings,Small Pack,South,Florida,North Miami,33161,6/11/2015,6/12/2015,-40.6042,273.79
Medium,0.02,38.76,13.26,Regular Air,Corporate,Office Supplies,Paper,Small Box,South,Florida,North Miami,33161,6/11/2015,6/12/2015,-294.084,44.62
Not Specified,0.04,90.48,19.99,Regular Air,Corporate,Office Supplies,Envelopes,Small Box,South,Tennessee,Collierville,38017,4/9/2015,4/11/2015,55.5552,268.64
Not Specified,0.02,9.77,6.02,Regular Air,Corporate,Furniture,Office Furnishings,Medium Box,South,Tennessee,Collierville,38017,4/9/2015,4/10/2015,-535.332,87.68
Not Specified,0.09,34.99,7.73,Regular Air,Corporate,Office Supplies,Pens & Art Supplies,Small Box,South,Tennessee,Collierville,38017,4/9/2015,4/11/2015,-208.7204,37.62
Medium,0,49.99,19.99,Regular Air,Corporate,Technology,Computer Peripherals,Small Box,South,Tennessee,Columbia,38401,6/6/2015,6/8/2015,38.886,832.97
Low,0.05,115.99,8.99,Regular Air,Consumer,Technology,Telephones and Communication,Small Box,Central,Texas,Odessa,79762,4/9/2015,4/13/2015,719.3526,1042.54
Medium,0.08,7.84,4.71,Regular Air,Corporate,Office Supplies,Binders and Binder Accessories,Small Box,West,Washington,Des Moines,98198,1/21/2015,1/22/2015,-12.87678,76.16
Medium,0.03,105.34,24.49,Regular Air,Corporate,Furniture,Office Furnishings,Large Box,West,Washington,Des Moines,98198,1/21/2015,1/22/2015,618.1308,1038.14
Low,0.09,6783.02,24.49,Regular Air,Consumer,Technology,Office Machines,Large Box,West,Washington,Des Moines,98198,3/10/2015,3/14/2015,-14140.7016,6296
Medium,0.06,2.94,0.96,Regular Air,Corporate,Office Supplies,Pens & Art Supplies,Wrap Bag,South,Florida,Fruit Cove,32259,5/17/2015,5/18/2015,-8.876,8.79
Low,0.04,67.28,19.99,Regular Air,Corporate,Office Supplies,Binders and Binder Accessories,Small Box,South,Florida,Fruit Cove,32259,5/23/2015,5/28/2015,14.754,2051.68
Low,0.1,130.98,54.74,Delivery Truck,Corporate,Furniture,Bookcases,Jumbo Box,South,Florida,Fruit Cove,32259,5/23/2015,5/23/2015,669.612,5295.03
Low,0.04,2.78,1.25,Regular Air,Corporate,Office Supplies,Pens & Art Supplies,Wrap Bag,South,Florida,Fruit Cove,32259,5/23/2015,5/23/2015,213,80.27
Not Specified,0.03,142.86,19.99,Regular Air,Corporate,Office Supplies,Storage & Organization,Small Box,South,Florida,Gainesville,32601,4/1/2015,4/3/2015,-8.3881,3292.02
Medium,0.05,20.99,4.81,Regular Air,Corporate,Technology,Telephones and Communication,Medium Box,Central,Kansas,Hays,67601,2/28/2015,2/28/2015,4.90176,199.43
High,0,12.22,2.85,Regular Air,Corporate,Furniture,Office Furnishings,Small Pack,Central,Nebraska,La Vista,68128,4/11/2015,4/12/2015,76.3899,110.71
Critical,0.01,13.79,8.78,Regular Air,Corporate,Furniture,Office Furnishings,Small Box,Central,Texas,Paris,75460,2/23/2015,2/25/2015,-36.77,56.68
Critical,0.04,33.29,8.74,Regular Air,Corporate,Office Supplies,Storage & Organization,Small Box,Central,Texas,Paris,75460,2/23/2015,2/24/2015,87.03,273.34
High,0.01,125.99,8.99,Regular Air,Corporate,Technology,Telephones and Communication,Small Box,East,District of Columbia,Washington,20016,4/17/2015,4/18/2015,-582.648,226.88
High,0.03,896.99,19.99,Regular Air,Corporate,Office Supplies,Binders and Binder Accessories,Small Box,West,Washington,Edmonds,98026,1/8/2015,1/10/2015,3602.1312,5220.48
High,0.01,125.99,8.99,Regular Air,Corporate,Technology,Telephones and Communication,Small Box,West,Washington,Edmonds,98026,4/17/2015,4/18/2015,-582.648,113.44
Not Specified,0.08,15.99,13.18,Express Air,Corporate,Office Supplies,Binders and Binder Accessories,Small Box,West,Washington,Edmonds,98026,5/25/2015,5/27/2015,-66.585,66.02
Medium,0.07,2.89,0.5,Regular Air,Small Business,Office Supplies,Labels,Small Box,South,Florida,Hialeah,33012,1/22/2015,1/24/2015,441.594,33.02
Medium,0,217.85,29.1,Delivery Truck,Small Business,Furniture,Tables,Jumbo Box,South,Florida,Hialeah,33012,1/22/2015,1/23/2015,394.17,2273.1
Low,0.05,4.84,0.71,Regular Air,Home Office,Office Supplies,Pens & Art Supplies,Wrap Bag,Central,Nebraska,La Vista,68128,4/6/2015,4/15/2015,13.4481,19.49
Critical,0.03,304.99,19.99,Regular Air,Home Office,Office Supplies,Binders and Binder Accessories,Small Box,Central,Nebraska,La Vista,68128,6/22/2015,6/24/2015,4033.6089,5845.81
Critical,0.09,65.99,8.99,Regular Air,Home Office,Technology,Telephones and Communication,Small Box,Central,Nebraska,La Vista,68128,6/22/2015,6/24/2015,141.7824,633.85
Not Specified,0,8.33,1.99,Express Air,Consumer,Technology,Computer Peripherals,Small Pack,East,Ohio,North Olmsted,44070,3/2/2015,3/4/2015,74.1819,107.51
Not Specified,0,8.33,1.99,Express Air,Consumer,Technology,Computer Peripherals,Small Pack,West,Washington,Seattle,98107,3/2/2015,3/4/2015,82.31,421.08
Medium,0.05,6.68,6.93,Regular Air,Small Business,Office Supplies,Paper,Small Box,South,Florida,North Miami Beach,33160,3/28/2015,3/29/2015,-2.352,77.2
Low,0.09,243.98,43.32,Delivery Truck,Small Business,Furniture,Chairs & Chairmats,Jumbo Drum,South,Florida,North Miami Beach,33160,5/8/2015,5/13/2015,1059.288,5587.89
High,0.03,4.06,6.89,Regular Air,Consumer,Office Supplies,Appliances,Small Box,South,North Carolina,Charlotte,28206,2/20/2015,2/22/2015,-246.2761,159.89
High,0.01,3.75,0.5,Regular Air,Consumer,Office Supplies,Labels,Small Box,South,North Carolina,Charlotte,28206,2/20/2015,2/21/2015,55.1946,180.48
High,0.02,10.68,13.04,Regular Air,Consumer,Furniture,Office Furnishings,Large Box,South,North Carolina,Charlotte,28206,2/20/2015,2/22/2015,-307.2965,350.48
High,0.07,28.99,8.59,Regular Air,Consumer,Technology,Telephones and Communication,Medium Box,South,North Carolina,Charlotte,28206,3/19/2015,3/19/2015,-16.06374,936.8
Critical,0.05,6.48,8.73,Regular Air,Consumer,Office Supplies,Paper,Small Box,South,North Carolina,Charlotte,28206,5/9/2015,5/9/2015,-160.3847,232.5
High,0.09,363.25,19.99,Regular Air,Consumer,Office Supplies,Appliances,Small Box,South,North Carolina,Charlotte,28206,6/5/2015,6/6/2015,732.2698,7497.05
Low,0.05,63.94,14.48,Express Air,Consumer,Furniture,Office Furnishings,Small Box,South,North Carolina,Charlotte,28206,6/30/2015,7/7/2015,270.8743,1336.35
Low,0.02,43.98,1.99,Regular Air,Consumer,Technology,Computer Peripherals,Small Pack,South,North Carolina,Charlotte,28206,1/21/2015,1/25/2015,333.7605,1724.01
Critical,0.05,6.48,8.73,Regular Air,Consumer,Office Supplies,Paper,Small Box,East,Ohio,North Olmsted,44070,5/9/2015,5/9/2015,-120.59,59.79
High,0.07,28.99,8.59,Regular Air,Consumer,Technology,Telephones and Communication,Medium Box,East,Ohio,North Ridgeville,44039,3/19/2015,3/19/2015,-12.078,240.21
High,0.09,363.25,19.99,Regular Air,Consumer,Office Supplies,Appliances,Small Box,East,Ohio,North Ridgeville,44039,6/5/2015,6/6/2015,1231.6569,1785.01
Low,0.05,63.94,14.48,Express Air,Consumer,Furniture,Office Furnishings,Small Box,East,Ohio,North Royalton,44133,6/30/2015,7/7/2015,219.5442,318.18
High,0.03,4.06,6.89,Regular Air,Consumer,Office Supplies,Appliances,Small Box,East,Ohio,Parma,44134,2/20/2015,2/22/2015,-185.17,38.89
High,0.01,3.75,0.5,Regular Air,Consumer,Office Supplies,Labels,Small Box,East,Ohio,Parma,44134,2/20/2015,2/21/2015,31.1328,45.12
High,0.02,10.68,13.04,Regular Air,Consumer,Furniture,Office Furnishings,Large Box,East,Ohio,Parma,44134,2/20/2015,2/22/2015,-231.05,90.45
High,0.1,209.37,69,Regular Air,Consumer,Furniture,Tables,Large Box,Central,Michigan,Livonia,48154,2/23/2015,2/25/2015,-165.5949204,2125.12
High,0.07,4.98,4.7,Regular Air,Consumer,Office Supplies,Paper,Small Box,Central,Michigan,Madison Heights,48071,2/23/2015,2/24/2015,-21.684,45.05
Low,0.02,880.98,44.55,Delivery Truck,Home Office,Furniture,Bookcases,Jumbo Box,Central,Minnesota,Mankato,56001,1/22/2015,1/26/2015,4861.0638,7045.02
Critical,0,22.84,16.92,Regular Air,Home Office,Office Supplies,Paper,Small Box,Central,Minnesota,Mankato,56001,3/12/2015,3/14/2015,-83.75,370.62
High,0.05,80.97,30.06,Delivery Truck,Home Office,Technology,Office Machines,Jumbo Box,Central,Minnesota,Maple Grove,55369,2/13/2015,2/14/2015,565.18,904.25
High,0,6.48,10.05,Regular Air,Home Office,Office Supplies,Paper,Small Box,Central,Minnesota,Maple Grove,55369,2/13/2015,2/15/2015,-38.72,16.31
Not Specified,0.06,70.89,89.3,Delivery Truck,Small Business,Furniture,Tables,Jumbo Box,East,Ohio,Reynoldsburg,43068,6/25/2015,6/25/2015,65.07702,364.26
High,0.07,4.13,0.99,Regular Air,Home Office,Office Supplies,Labels,Small Box,East,Ohio,Garfield Heights,44125,1/8/2015,1/8/2015,10.9592,16.07
High,0.03,22.72,8.99,Regular Air,Home Office,Furniture,Office Furnishings,Small Pack,East,Ohio,Garfield Heights,44125,1/8/2015,1/8/2015,17.4294,25.26
Not Specified,0.05,34.98,7.53,Express Air,Home Office,Technology,Computer Peripherals,Small Box,East,Ohio,Garfield Heights,44125,2/28/2015,3/3/2015,-32.6664,581.08
Not Specified,0,3.14,1.92,Regular Air,Home Office,Office Supplies,"Scissors, Rulers and Trimmers",Wrap Bag,East,Ohio,Garfield Heights,44125,2/28/2015,3/2/2015,-13.1352,27.53
High,0.04,4.13,0.99,Express Air,Home Office,Office Supplies,Labels,Small Box,Central,North Dakota,Grand Forks,58201,4/28/2015,4/30/2015,22.3077,32.33
High,0.06,55.48,14.3,Regular Air,Home Office,Office Supplies,Paper,Small Box,Central,North Dakota,Grand Forks,58201,4/28/2015,4/30/2015,443.0214,642.06
Medium,0.05,535.64,14.7,Delivery Truck,Home Office,Technology,Office Machines,Jumbo Drum,Central,Illinois,Chicago,60603,6/7/2015,6/9/2015,-1220.9145,1068.6
Medium,0,6.37,5.19,Regular Air,Consumer,Office Supplies,Binders and Binder Accessories,Small Box,East,Maryland,Hagerstown,21740,2/28/2015,3/2/2015,-27.1492,99.75
Critical,0.02,110.98,13.99,Regular Air,Consumer,Furniture,Office Furnishings,Medium Box,East,Maryland,Laurel,20707,1/16/2015,1/18/2015,-106.3424,226.53
Critical,0.01,8.01,2.87,Regular Air,Consumer,Office Supplies,Paper,Wrap Bag,East,Maryland,Laurel,20707,1/16/2015,1/18/2015,44.9768,68.65
Critical,0.02,5.58,2.99,Regular Air,Consumer,Office Supplies,Binders and Binder Accessories,Small Box,South,South Carolina,Charleston,29418,5/26/2015,5/28/2015,689.328,236.83
Critical,0.02,54.1,19.99,Regular Air,Consumer,Office Supplies,Storage & Organization,Small Box,South,South Carolina,Charleston,29418,5/26/2015,5/27/2015,-33.586,1944.87
Not Specified,0.1,11.55,2.36,Regular Air,Small Business,Office Supplies,Pens & Art Supplies,Wrap Bag,West,California,El Dorado Hills,95630,2/28/2015,2/28/2015,69.7672,135.77
High,0.01,35.44,19.99,Regular Air,Small Business,Office Supplies,Paper,Small Box,East,Connecticut,Stratford,6614,4/22/2015,4/23/2015,-52.8228,55.43
Low,0.02,3.8,1.49,Regular Air,Small Business,Office Supplies,Binders and Binder Accessories,Small Box,East,Massachusetts,Boston,2215,5/11/2015,5/15/2015,7.31,20.46
High,0.03,47.9,5.86,Regular Air,Small Business,Office Supplies,Paper,Small Box,East,Massachusetts,Stoneham,2180,4/22/2015,4/25/2015,642.9903,931.87
Critical,0.05,2.62,0.8,Regular Air,Small Business,Office Supplies,Rubber Bands,Wrap Bag,East,New Jersey,Morristown,7960,5/26/2015,5/27/2015,12.71,21.41
Low,0.04,4.55,1.49,Regular Air,Corporate,Office Supplies,Binders and Binder Accessories,Small Box,Central,Michigan,Midland,48640,3/5/2015,3/7/2015,28.288,59.75
Not Specified,0.01,7.64,1.39,Regular Air,Consumer,Office Supplies,Envelopes,Small Box,East,New York,Depew,14043,2/4/2015,2/7/2015,112.1181,162.49
Medium,0.07,42.98,4.62,Express Air,Corporate,Office Supplies,Appliances,Small Box,Central,Kansas,Hays,67601,2/15/2015,2/17/2015,565.386,819.4
Medium,0.03,89.99,42,Delivery Truck,Corporate,Furniture,Chairs & Chairmats,Jumbo Drum,Central,Kansas,Hays,67601,2/15/2015,2/18/2015,-230.9528,1809.75
Medium,0.08,5.74,5.01,Express Air,Corporate,Office Supplies,Binders and Binder Accessories,Small Box,East,Ohio,Grove City,43123,4/15/2015,4/17/2015,-61.62804,70.03
Low,0.09,12.22,2.85,Regular Air,Consumer,Furniture,Office Furnishings,Small Pack,Central,Minnesota,Maplewood,55119,6/18/2015,6/25/2015,70.6767,102.43
Medium,0.1,37.94,5.08,Express Air,Corporate,Office Supplies,Paper,Wrap Bag,Central,Wisconsin,Milwaukee,53209,4/2/2015,4/4/2015,95.0544,137.76
Low,0.06,20.99,0.99,Regular Air,Corporate,Technology,Telephones and Communication,Wrap Bag,Central,Wisconsin,Neenah,54956,3/23/2015,3/28/2015,224.9607,326.03
Not Specified,0.1,36.55,13.89,Regular Air,Corporate,Office Supplies,Pens & Art Supplies,Wrap Bag,South,Arkansas,Van Buren,72956,4/5/2015,4/7/2015,-89.572,379.72
High,0.07,4.76,0.88,Express Air,Consumer,Office Supplies,Paper,Wrap Bag,West,Colorado,Louisville,80027,5/7/2015,5/9/2015,33.3477,48.33
Critical,0.01,7.98,6.5,Regular Air,Consumer,Office Supplies,Storage & Organization,Medium Box,East,Maryland,Middle River,21220,6/22/2015,6/23/2015,-34.592,34.91
High,0.06,42.98,4.62,Regular Air,Consumer,Office Supplies,Appliances,Small Box,East,Ohio,Mount Vernon,43050,4/21/2015,4/23/2015,-24.63,47.04
Not Specified,0.08,9.68,2.03,Regular Air,Small Business,Office Supplies,Paper,Wrap Bag,South,Florida,Hollywood,33021,2/22/2015,2/24/2015,-536.242,10.94
Not Specified,0.04,150.98,16.01,Delivery Truck,Small Business,Furniture,Tables,Jumbo Box,South,Florida,Hollywood,33021,2/22/2015,2/23/2015,-125.86,731.38
High,0.06,363.25,19.99,Regular Air,Small Business,Office Supplies,Appliances,Small Box,South,Florida,Hollywood,33021,3/28/2015,3/30/2015,36.1641,344.87
High,0.01,30.97,4,Regular Air,Home Office,Technology,Computer Peripherals,Small Box,Central,Wisconsin,New Berlin,53151,4/13/2015,4/15/2015,17.1028,523.06
High,0.08,125.99,7.69,Regular Air,Home Office,Technology,Telephones and Communication,Small Box,Central,Wisconsin,New Berlin,53151,4/13/2015,4/15/2015,1269.38196,2424.68
Critical,0.1,442.14,14.7,Delivery Truck,Home Office,Technology,Office Machines,Jumbo Drum,Central,Wisconsin,New Berlin,53151,5/20/2015,5/21/2015,137.68794,2411.43
Medium,0.01,35.99,0.99,Regular Air,Small Business,Technology,Telephones and Communication,Small Pack,Central,Wisconsin,Oak Creek,53154,5/22/2015,5/23/2015,882.4824,1278.96
Critical,0.09,2.94,0.7,Regular Air,Corporate,Office Supplies,Pens & Art Supplies,Wrap Bag,Central,North Dakota,Dickinson,58601,1/27/2015,1/28/2015,6.384,25.22
Critical,0.02,5.34,2.99,Regular Air,Corporate,Office Supplies,Binders and Binder Accessories,Small Box,Central,North Dakota,Dickinson,58601,2/26/2015,2/28/2015,5.2955,34.73
Critical,0.03,40.98,7.47,Regular Air,Corporate,Office Supplies,Binders and Binder Accessories,Small Box,Central,North Dakota,Dickinson,58601,2/26/2015,2/27/2015,170.7957,247.53
Not Specified,0.01,5.84,0.83,Regular Air,Corporate,Office Supplies,Pens & Art Supplies,Wrap Bag,Central,North Dakota,Dickinson,58601,6/14/2015,6/16/2015,16.092,23.89
Critical,0.03,43.98,8.99,Regular Air,Corporate,Office Supplies,Pens & Art Supplies,Small Pack,East,Ohio,Sandusky,44870,1/27/2015,1/29/2015,274.0788,454.4
Critical,0.06,1.14,0.7,Regular Air,Corporate,Office Supplies,Rubber Bands,Wrap Bag,East,Ohio,Sandusky,44870,1/27/2015,1/30/2015,-3.782,14.53
Medium,0.07,2.61,0.5,Regular Air,Corporate,Office Supplies,Labels,Small Box,East,Ohio,Sandusky,44870,2/25/2015,2/27/2015,10.7985,15.65
Low,0.04,2.88,1.01,Regular Air,Corporate,Office Supplies,Pens & Art Supplies,Wrap Bag,East,Ohio,Sandusky,44870,5/30/2015,6/4/2015,15.246,111.92
Critical,0.09,100.98,35.84,Delivery Truck,Home Office,Furniture,Bookcases,Jumbo Box,Central,Iowa,West Des Moines,50265,6/28/2015,6/28/2015,-103.624,1700.38
Critical,0.1,5.78,7.96,Regular Air,Home Office,Office Supplies,Paper,Small Box,Central,Iowa,West Des Moines,50265,6/28/2015,6/28/2015,-57.824,35.96
Low,0.05,70.97,3.5,Regular Air,Home Office,Office Supplies,Appliances,Small Box,Central,Wisconsin,Racine,53402,5/8/2015,5/13/2015,18.218,141.59
Low,0,5.28,6.26,Regular Air,Home Office,Office Supplies,Paper,Small Box,Central,Wisconsin,Sheboygan,53081,5/8/2015,5/15/2015,25.058,203.05
Not Specified,0.03,10.98,3.37,Regular Air,Consumer,Office Supplies,"Scissors, Rulers and Trimmers",Small Pack,Central,Michigan,Oak Park,48237,4/10/2015,4/11/2015,11.82,56.19
Low,0.01,10.14,2.27,Regular Air,Consumer,Office Supplies,Paper,Wrap Bag,Central,Michigan,Pontiac,48342,1/26/2015,1/28/2015,28.152,40.8
Not Specified,0.03,5.4,7.78,Regular Air,Consumer,Office Supplies,Binders and Binder Accessories,Small Box,Central,Michigan,Port Huron,48060,3/17/2015,3/19/2015,-237.544,117.87
Medium,0.03,85.99,0.99,Regular Air,Home Office,Technology,Telephones and Communication,Wrap Bag,West,Idaho,Coeur D Alene,83814,3/5/2015,3/6/2015,1037.1045,1503.05
Low,0.08,6.48,6.81,Regular Air,Corporate,Office Supplies,Paper,Small Box,West,California,Los Angeles,90049,2/10/2015,2/15/2015,-94.59,382.33
Low,0.09,20.98,53.03,Delivery Truck,Corporate,Office Supplies,Storage & Organization,Jumbo Drum,West,California,Los Angeles,90049,2/10/2015,2/17/2015,-293.74,356.61
Critical,0.05,122.99,19.99,Express Air,Corporate,Office Supplies,Binders and Binder Accessories,Small Box,West,Idaho,Coeur D Alene,83814,6/8/2015,6/11/2015,1039.7541,1506.89
Low,0.08,6.48,6.81,Regular Air,Corporate,Office Supplies,Paper,Small Box,West,Idaho,Idaho Falls,83402,2/10/2015,2/15/2015,-49.1868,92.29
Low,0.09,20.98,53.03,Delivery Truck,Corporate,Office Supplies,Storage & Organization,Jumbo Drum,West,Idaho,Idaho Falls,83402,2/10/2015,2/17/2015,-152.7448,82.29
Critical,0.05,9.99,4.78,Regular Air,Home Office,Office Supplies,Paper,Small Box,Central,Minnesota,Minnetonka Mills,55343,3/6/2015,3/7/2015,41.3,203.37
High,0.01,12.28,6.47,Regular Air,Home Office,Office Supplies,Paper,Small Box,Central,Minnesota,Minnetonka Mills,55343,6/11/2015,6/12/2015,47.61,160.66
Critical,0.03,5.98,5.35,Regular Air,Corporate,Office Supplies,Paper,Small Box,East,Massachusetts,Boston,2113,5/28/2015,5/29/2015,-23.5,107.08
Critical,0.03,300.65,24.49,Regular Air,Corporate,Office Supplies,Appliances,Large Box,East,Massachusetts,Boston,2113,4/28/2015,4/30/2015,1282.496,9705.46
Critical,0.06,49.99,19.99,Regular Air,Corporate,Technology,Computer Peripherals,Small Box,East,Massachusetts,Boston,2113,4/28/2015,4/30/2015,17.2,3247.54
Critical,0.1,104.85,4.65,Regular Air,Corporate,Office Supplies,Paper,Small Box,East,Massachusetts,Boston,2113,4/28/2015,4/29/2015,1184.12,5582.63
Critical,0.03,300.65,24.49,Regular Air,Corporate,Office Supplies,Appliances,Large Box,East,New York,Rochester,14609,4/28/2015,4/30/2015,1474.8704,2426.36
Critical,0.06,49.99,19.99,Regular Air,Corporate,Technology,Computer Peripherals,Small Box,East,New York,Rochester,14609,4/28/2015,4/30/2015,19.78,824
Critical,0.1,104.85,4.65,Regular Air,Corporate,Office Supplies,Paper,Small Box,East,New York,Rochester,14609,4/28/2015,4/29/2015,929.7957,1347.53
Critical,0.01,5.58,5.3,Regular Air,Corporate,Office Supplies,Envelopes,Small Box,West,California,Encinitas,92024,1/9/2015,1/10/2015,-7.25,11.16
Critical,0.03,3.98,0.7,Regular Air,Corporate,Office Supplies,Pens & Art Supplies,Wrap Bag,West,California,Encinitas,92024,1/9/2015,1/10/2015,31.2018,45.22
Low,0.01,4.98,4.75,Regular Air,Home Office,Office Supplies,Paper,Small Box,Central,Illinois,Lombard,60148,1/15/2015,1/20/2015,-75.9004,52.93
Low,0.04,6.35,1.02,Regular Air,Home Office,Office Supplies,Paper,Wrap Bag,Central,Illinois,Lombard,60148,1/15/2015,1/20/2015,52.1709,75.61
Not Specified,0.02,12.99,14.37,Regular Air,Home Office,Furniture,Office Furnishings,Large Box,Central,North Dakota,Mandan,58554,1/16/2015,1/18/2015,-159.86,67.64
Not Specified,0.05,35.44,7.5,Regular Air,Home Office,Office Supplies,Paper,Small Box,Central,North Dakota,Mandan,58554,1/16/2015,1/18/2015,165.8898,240.42
Not Specified,0.02,12.98,3.14,Regular Air,Home Office,Office Supplies,"Scissors, Rulers and Trimmers",Small Pack,Central,North Dakota,Mandan,58554,1/16/2015,1/19/2015,75.01,184.4
Critical,0.08,178.47,19.99,Regular Air,Home Office,Office Supplies,Storage & Organization,Small Box,Central,North Dakota,Mandan,58554,3/13/2015,3/16/2015,2267.22,3802.01
Not Specified,0.08,73.98,4,Regular Air,Corporate,Technology,Computer Peripherals,Small Box,Central,Kansas,Garden City,67846,5/15/2015,5/18/2015,97.16,1181.67
Not Specified,0.02,3.68,1.32,Regular Air,Corporate,Office Supplies,"Scissors, Rulers and Trimmers",Wrap Bag,Central,Kansas,Garden City,67846,5/15/2015,5/17/2015,-20.65,29.93
Medium,0.07,14.48,6.46,Regular Air,Small Business,Office Supplies,Binders and Binder Accessories,Small Box,Central,Kansas,Hutchinson,67501,2/4/2015,2/5/2015,67.864,171.33
High,0,6.48,5.19,Regular Air,Small Business,Office Supplies,Paper,Small Box,Central,Kansas,Leavenworth,66048,6/6/2015,6/7/2015,-14.075,84.04
High,0.05,120.98,30,Delivery Truck,Small Business,Furniture,Chairs & Chairmats,Jumbo Drum,Central,Kansas,Leawood,66209,2/12/2015,2/14/2015,-78.7592,251.06
High,0.06,276.2,24.49,Express Air,Corporate,Furniture,Chairs & Chairmats,Large Box,West,California,Berkeley,94704,3/5/2015,3/7/2015,1167.38,2610.56
Medium,0.06,125.99,2.5,Regular Air,Corporate,Technology,Telephones and Communication,Small Box,South,Kentucky,Murray,42071,2/3/2015,2/5/2015,402.066,1173.76
Medium,0.07,8.33,1.99,Regular Air,Consumer,Technology,Computer Peripherals,Small Pack,West,Washington,Kirkland,98034,2/26/2015,2/28/2015,11.95,50.28
Medium,0.03,499.99,24.49,Regular Air,Consumer,Technology,Copiers and Fax,Large Box,West,Washington,Kirkland,98034,2/26/2015,2/27/2015,1773.6105,2570.45
Not Specified,0.03,20.99,0.99,Regular Air,Consumer,Technology,Telephones and Communication,Wrap Bag,West,Washington,Kirkland,98034,5/24/2015,5/26/2015,4.1822,158.87
Low,0.03,6.45,1.34,Regular Air,Consumer,Office Supplies,Paper,Wrap Bag,West,Washington,Lacey,98503,1/14/2015,1/19/2015,39.1299,56.71
Not Specified,0.06,355.98,58.92,Delivery Truck,Consumer,Furniture,Chairs & Chairmats,Jumbo Drum,East,Ohio,Austintown,44515,3/2/2015,3/3/2015,1660.92,5086.08
High,0.03,120.98,30,Delivery Truck,Consumer,Furniture,Chairs & Chairmats,Jumbo Drum,Central,Minnesota,Oakdale,55128,6/1/2015,6/3/2015,638.028,1894.45
High,0.01,15.68,3.73,Regular Air,Consumer,Furniture,Office Furnishings,Small Pack,Central,Minnesota,Oakdale,55128,6/1/2015,6/3/2015,138.4968,200.72
Critical,0.09,1.82,0.83,Regular Air,Consumer,Office Supplies,Pens & Art Supplies,Wrap Bag,Central,Minnesota,Oakdale,55128,2/14/2015,2/15/2015,-6.734,36.82
Low,0.06,19.23,6.15,Regular Air,Corporate,Furniture,Office Furnishings,Small Pack,West,California,Los Angeles,90061,2/28/2015,2/28/2015,-25.38,84.6
Medium,0,137.48,32.18,Delivery Truck,Small Business,Furniture,Bookcases,Jumbo Box,East,Ohio,Stow,44224,1/7/2015,1/8/2015,-203.27,296.75
Medium,0.07,300.97,7.18,Regular Air,Small Business,Technology,Computer Peripherals,Small Box,East,Ohio,Strongsville,44136,5/7/2015,5/9/2015,-807.59,582.2
Not Specified,0.04,35.44,5.09,Regular Air,Small Business,Office Supplies,Paper,Small Box,East,Ohio,Toledo,43615,6/11/2015,6/11/2015,118.6317,171.93
Not Specified,0.08,3.98,0.7,Regular Air,Small Business,Office Supplies,Pens & Art Supplies,Wrap Bag,East,Ohio,Toledo,43615,6/11/2015,6/14/2015,23.304,35.19
Medium,0.07,300.97,7.18,Regular Air,Small Business,Technology,Computer Peripherals,Small Box,East,Pennsylvania,Philadelphia,19112,5/7/2015,5/9/2015,-807.59,2037.69
Not Specified,0.04,35.44,5.09,Regular Air,Small Business,Office Supplies,Paper,Small Box,East,Pennsylvania,Philadelphia,19112,6/11/2015,6/11/2015,150.72,722.1
Not Specified,0.08,3.98,0.7,Regular Air,Small Business,Office Supplies,Pens & Art Supplies,Wrap Bag,East,Pennsylvania,Philadelphia,19112,6/11/2015,6/14/2015,19.42,140.78
Not Specified,0.01,1.76,0.7,Regular Air,Small Business,Office Supplies,Pens & Art Supplies,Wrap Bag,East,Pennsylvania,Philadelphia,19112,6/11/2015,6/12/2015,3.13,129.72
Not Specified,0.01,193.17,19.99,Express Air,Small Business,Office Supplies,Storage & Organization,Small Box,East,Pennsylvania,Philadelphia,19112,6/11/2015,6/11/2015,1141.07,12190.98
Medium,0,137.48,32.18,Delivery Truck,Small Business,Furniture,Bookcases,Jumbo Box,East,Pennsylvania,Philadelphia,19112,1/7/2015,1/8/2015,-203.27,1483.76
Critical,0,2.21,1,Express Air,Small Business,Office Supplies,Pens & Art Supplies,Wrap Bag,East,Pennsylvania,Philadelphia,19112,6/10/2015,6/11/2015,10.01,87.18
High,0,65.99,5.99,Express Air,Small Business,Technology,Telephones and Communication,Small Box,West,Washington,Lacey,98503,4/20/2015,4/22/2015,313.812,798.89
Not Specified,0.01,7.1,6.05,Regular Air,Small Business,Office Supplies,Binders and Binder Accessories,Small Box,West,Washington,Lacey,98503,6/24/2015,6/25/2015,-39.18625,133.19
Not Specified,0.05,18.97,9.03,Regular Air,Small Business,Office Supplies,Paper,Small Box,West,Washington,Lacey,98503,6/24/2015,6/25/2015,-1.89,97.33
High,0.05,39.99,10.25,Express Air,Consumer,Technology,Computer Peripherals,Small Box,South,Florida,North Port,34287,5/18/2015,5/19/2015,4.29,130.91
Low,0.07,49.43,19.99,Regular Air,Corporate,Office Supplies,Appliances,Small Box,Central,Kansas,Leawood,66209,1/24/2015,1/29/2015,-122.77,281.82
Critical,0.09,207.48,0.99,Regular Air,Consumer,Office Supplies,Appliances,Small Box,East,Ohio,Hamilton,45011,1/19/2015,1/21/2015,683.9556,991.24
High,0.08,40.98,7.2,Express Air,Consumer,Office Supplies,Appliances,Small Box,East,Ohio,Hilliard,43026,5/24/2015,5/25/2015,-16.64,119.86
High,0.08,8.12,2.83,Express Air,Consumer,Technology,Computer Peripherals,Small Pack,East,Ohio,Hilliard,43026,5/24/2015,5/25/2015,-59.73,98.77
High,0.02,262.11,62.74,Delivery Truck,Consumer,Furniture,Tables,Jumbo Box,East,Ohio,Hilliard,43026,5/24/2015,5/25/2015,-633.441237,2495.35
Critical,0.04,33.89,5.1,Express Air,Consumer,Office Supplies,Storage & Organization,Small Box,East,Ohio,Hilliard,43026,6/17/2015,6/18/2015,72.984,200.83
Critical,0.05,35.44,5.09,Regular Air,Consumer,Office Supplies,Paper,Small Box,East,New York,Shirley,11967,4/8/2015,4/9/2015,240.1752,348.08
Low,0,11.7,6.96,Express Air,Consumer,Office Supplies,Appliances,Medium Box,East,New York,Shirley,11967,6/17/2015,6/19/2015,-11.248,131.69
Low,0.06,2.89,0.5,Regular Air,Consumer,Office Supplies,Labels,Small Box,East,New York,Shirley,11967,2/28/2015,2/28/2015,9.6117,13.93
Critical,0.07,35.99,5,Regular Air,Consumer,Technology,Telephones and Communication,Wrap Bag,South,Florida,Oakland Park,33334,3/25/2015,3/27/2015,-299.8142,31.71
Critical,0.04,3.08,0.99,Regular Air,Home Office,Office Supplies,Labels,Small Box,South,Kentucky,Murray,42071,3/20/2015,3/21/2015,13.8,60.01
Critical,0.02,6.48,5.9,Regular Air,Home Office,Office Supplies,Paper,Small Box,South,Kentucky,Murray,42071,3/20/2015,3/21/2015,4.392,90.98
Critical,0.04,125.99,4.2,Regular Air,Home Office,Technology,Telephones and Communication,Small Box,South,Kentucky,Murray,42071,3/20/2015,3/22/2015,-236.25,1270.7
Critical,0.04,3.08,0.99,Regular Air,Home Office,Office Supplies,Labels,Small Box,Central,Texas,Houston,77041,3/20/2015,3/21/2015,36.02,236.87
Critical,0.02,6.48,5.9,Regular Air,Home Office,Office Supplies,Paper,Small Box,Central,Texas,Houston,77041,3/20/2015,3/21/2015,-50.64,370.91
Critical,0.04,125.99,4.2,Regular Air,Home Office,Technology,Telephones and Communication,Small Box,Central,Texas,Houston,77041,3/20/2015,3/22/2015,510.489,4976.92
Not Specified,0.07,34.54,14.72,Regular Air,Corporate,Office Supplies,Binders and Binder Accessories,Small Box,South,Louisiana,New Iberia,70560,5/17/2015,5/18/2015,-20.18226,574.97
Not Specified,0.02,12.28,6.47,Regular Air,Corporate,Office Supplies,Paper,Small Box,South,Louisiana,New Iberia,70560,5/17/2015,5/17/2015,-156.9722,115.22
Not Specified,0.06,34.58,8.99,Express Air,Corporate,Office Supplies,Pens & Art Supplies,Small Pack,South,Louisiana,New Iberia,70560,5/17/2015,5/19/2015,384.5043,456.58
Critical,0.08,349.45,60,Delivery Truck,Corporate,Furniture,Tables,Jumbo Drum,South,Florida,Orlando,32839,6/30/2015,7/2/2015,513.084,3772.19
Not Specified,0.08,315.98,19.99,Regular Air,Home Office,Office Supplies,Binders and Binder Accessories,Small Box,South,Louisiana,New Orleans,70117,6/14/2015,6/14/2015,44.52,2642.48
Low,0.02,7.1,6.05,Regular Air,Home Office,Office Supplies,Binders and Binder Accessories,Small Box,Central,Illinois,Melrose Park,60160,1/7/2015,1/9/2015,-48.875,61.5
Not Specified,0.05,120.98,9.07,Regular Air,Home Office,Office Supplies,Binders and Binder Accessories,Small Box,Central,Illinois,Moline,61265,5/30/2015,5/31/2015,881.0472,1276.88
High,0.08,120.97,26.3,Delivery Truck,Home Office,Technology,Office Machines,Jumbo Drum,Central,Illinois,Mount Prospect,60056,1/5/2015,1/7/2015,-233.840688,233.58
Low,0.08,3.69,2.5,Regular Air,Small Business,Office Supplies,Envelopes,Small Box,South,Louisiana,Shreveport,71109,6/25/2015,6/30/2015,-139.076,31.98
High,0.1,180.98,26.2,Delivery Truck,Corporate,Furniture,Chairs & Chairmats,Jumbo Drum,Central,Illinois,Mundelein,60060,6/22/2015,6/23/2015,-64.664,519.42
Medium,0.04,62.05,3.99,Regular Air,Corporate,Office Supplies,Appliances,Small Box,Central,Illinois,Mundelein,60060,5/17/2015,5/18/2015,1644.0768,2382.72
Medium,0.1,5.81,8.49,Regular Air,Corporate,Office Supplies,Binders and Binder Accessories,Small Box,Central,Illinois,Naperville,60540,1/16/2015,1/17/2015,-350.4395,64.96
Medium,0.03,1.81,0.75,Regular Air,Corporate,Office Supplies,Rubber Bands,Wrap Bag,Central,Illinois,Naperville,60540,1/16/2015,1/17/2015,4.2028,19.14
Critical,0.08,5.4,7.78,Regular Air,Corporate,Office Supplies,Binders and Binder Accessories,Small Box,Central,Illinois,Naperville,60540,3/4/2015,3/4/2015,-44.068,25.35
Critical,0.09,8.46,8.99,Express Air,Corporate,Technology,Computer Peripherals,Small Pack,Central,Illinois,Naperville,60540,3/4/2015,3/7/2015,-100.51,45.03
Critical,0.21,14.98,8.99,Regular Air,Corporate,Furniture,Office Furnishings,Small Pack,Central,Illinois,Naperville,60540,3/4/2015,3/5/2015,-17.75,153.87
Critical,0.04,155.99,8.08,Regular Air,Corporate,Technology,Telephones and Communication,Small Box,Central,Illinois,Naperville,60540,3/4/2015,3/5/2015,1374.948,2800.33
Critical,0.03,150.89,60.2,Delivery Truck,Consumer,Furniture,Chairs & Chairmats,Jumbo Drum,East,Maine,Sanford,4073,2/22/2015,2/22/2015,-677.872,3596.03
Not Specified,0.09,304.99,19.99,Regular Air,Corporate,Office Supplies,Binders and Binder Accessories,Small Box,East,New Hampshire,Laconia,3246,6/8/2015,6/9/2015,1623.9495,2353.55
Not Specified,0.05,4.06,6.89,Express Air,Corporate,Office Supplies,Appliances,Small Box,East,New Hampshire,Londonderry,3053,6/19/2015,6/21/2015,-122.835,92.57
Critical,0.09,280.98,57,Delivery Truck,Home Office,Furniture,Chairs & Chairmats,Jumbo Drum,East,New Jersey,Cranford,7016,5/2/2015,5/5/2015,252.488,7974.21
Low,0.09,6.84,8.37,Regular Air,Consumer,Office Supplies,"Scissors, Rulers and Trimmers",Small Pack,Central,Texas,Pasadena,77506,6/1/2015,6/8/2015,-88.585,87.1
Low,0.07,48.91,35,Express Air,Consumer,Office Supplies,Storage & Organization,Large Box,Central,Texas,Pasadena,77506,6/1/2015,6/3/2015,-485.68,736.86
Medium,0.02,15.42,5.41,Regular Air,Consumer,Office Supplies,Storage & Organization,Small Box,Central,Texas,Pflugerville,78660,3/24/2015,3/25/2015,-16.37,33.84
Critical,0.03,3.36,6.27,Regular Air,Corporate,Office Supplies,Binders and Binder Accessories,Small Box,Central,Texas,Pharr,78577,1/4/2015,1/5/2015,-94.2586,14.9
Critical,0.07,3.71,1.93,Express Air,Corporate,Office Supplies,Paper,Wrap Bag,Central,Texas,Pharr,78577,1/4/2015,1/6/2015,6.3308,39.64
Medium,0.06,19.99,11.17,Regular Air,Corporate,Furniture,Office Furnishings,Large Box,West,Idaho,Post Falls,83854,1/14/2015,1/14/2015,-66.8236,139.49
Medium,0.06,320.98,58.95,Delivery Truck,Corporate,Furniture,Chairs & Chairmats,Jumbo Drum,West,Idaho,Rexburg,83440,1/14/2015,1/16/2015,971.622,1952.43
Not Specified,0.01,145.98,46.2,Delivery Truck,Corporate,Furniture,Tables,Jumbo Box,West,California,Twentynine Palms,92277,6/3/2015,6/3/2015,-134.512,1370.79
Critical,0.01,3502.14,8.73,Delivery Truck,Corporate,Technology,Office Machines,Jumbo Box,West,California,Twentynine Palms,92277,2/4/2015,2/5/2015,-4075.933992,3501.79
Critical,0.06,15.73,7.42,Regular Air,Corporate,Office Supplies,"Scissors, Rulers and Trimmers",Small Pack,West,California,Twentynine Palms,92277,2/4/2015,2/5/2015,-18.5588,63.04
Not Specified,0.05,25.99,5.37,Express Air,Corporate,Office Supplies,Pens & Art Supplies,Small Box,West,California,Twentynine Palms,92277,2/16/2015,2/18/2015,220.3572,451.35
Medium,0.04,17.24,3.26,Regular Air,Home Office,Office Supplies,"Scissors, Rulers and Trimmers",Small Pack,West,California,Twentynine Palms,92277,2/28/2015,2/28/2015,47.73,119.6
Medium,0.02,5.98,1.49,Regular Air,Corporate,Office Supplies,Binders and Binder Accessories,Small Box,West,California,Twentynine Palms,92277,3/11/2015,3/12/2015,28.526,59.9
High,0.01,99.23,8.99,Regular Air,Corporate,Furniture,Office Furnishings,Small Pack,West,California,Twentynine Palms,92277,3/29/2015,4/2/2015,-87.46,99.22
High,0.08,150.98,13.99,Express Air,Corporate,Technology,Office Machines,Medium Box,South,Florida,Saint Petersburg,33710,1/26/2015,1/27/2015,-3.948,1183.82
Critical,0.03,17.7,9.47,Regular Air,Consumer,Office Supplies,Storage & Organization,Small Box,South,Florida,Saint Petersburg,33710,5/28/2015,5/30/2015,28.1826,201.77
Critical,0.04,21.38,8.99,Regular Air,Corporate,Office Supplies,Pens & Art Supplies,Small Pack,South,Florida,Saint Petersburg,33710,3/30/2015,3/30/2015,-51.66,443.66
Critical,0.02,60.22,3.5,Regular Air,Corporate,Office Supplies,Appliances,Small Box,South,Florida,Sanford,32771,1/20/2015,1/21/2015,-193.914,541.76
High,0.03,25.98,14.36,Delivery Truck,Corporate,Furniture,Chairs & Chairmats,Jumbo Drum,South,Florida,Sanford,32771,1/26/2015,1/27/2015,57.546,107.66
High,0.1,32.48,35,Regular Air,Corporate,Office Supplies,Storage & Organization,Large Box,South,Florida,Sanford,32771,1/26/2015,1/27/2015,-333.4254,318.83
Critical,0.05,159.99,5.5,Regular Air,Consumer,Technology,Computer Peripherals,Small Box,South,Florida,Sanford,32771,4/19/2015,4/21/2015,12.264,3600.65
Not Specified,0.07,280.98,57,Delivery Truck,Corporate,Furniture,Chairs & Chairmats,Jumbo Drum,South,Florida,Ponte Vedra Beach,32004,6/19/2015,6/20/2015,-283.9914,3936.61
Not Specified,0,4.98,7.44,Regular Air,Corporate,Office Supplies,Paper,Small Box,South,Florida,Ponte Vedra Beach,32004,6/19/2015,6/21/2015,-195.342,78.31
Not Specified,0.1,3.98,0.83,Regular Air,Corporate,Office Supplies,Pens & Art Supplies,Wrap Bag,South,Florida,Ponte Vedra Beach,32004,6/19/2015,6/21/2015,-89.7092,42.46
Critical,0.08,7.28,11.15,Express Air,Small Business,Office Supplies,Paper,Small Box,South,Florida,Port Orange,32127,4/13/2015,4/14/2015,-44.415,14.66
Medium,0.1,7.28,5.47,Regular Air,Corporate,Office Supplies,Paper,Small Box,South,Florida,Port Saint Lucie,34952,2/13/2015,2/13/2015,167.334,83.14
High,0.06,10.97,6.5,Regular Air,Consumer,Technology,Computer Peripherals,Small Box,South,Florida,Jacksonville,32216,5/4/2015,5/6/2015,65.598,215.25
Low,0.02,58.14,36.61,Delivery Truck,Consumer,Furniture,Bookcases,Jumbo Box,South,Florida,Jacksonville,32216,6/25/2015,7/1/2015,0.258,1358.02
Low,0.03,15.57,1.39,Regular Air,Consumer,Office Supplies,Envelopes,Small Box,South,Florida,Jacksonville,32216,6/25/2015,7/1/2015,63.222,358.84
Not Specified,0.1,62.18,10.84,Regular Air,Consumer,Furniture,Office Furnishings,Medium Box,South,Florida,Jupiter,33458,3/14/2015,3/16/2015,-29.666,511.57
Critical,0.06,1.68,1,Regular Air,Consumer,Office Supplies,Pens & Art Supplies,Wrap Bag,South,Florida,Jupiter,33458,3/31/2015,4/2/2015,-1319.5,8.65
Low,0.07,35.44,7.5,Regular Air,Corporate,Office Supplies,Paper,Small Box,Central,Minnesota,Owatonna,55060,6/12/2015,6/19/2015,262.2,380
High,0.08,170.98,35.89,Delivery Truck,Small Business,Furniture,Bookcases,Jumbo Box,South,Florida,Riverview,33569,3/2/2015,3/4/2015,-119.812,199.48
Critical,0.01,20.99,4.81,Regular Air,Corporate,Technology,Telephones and Communication,Medium Box,Central,Wisconsin,Stevens Point,54481,3/18/2015,3/18/2015,-9.108,93.81
High,0.09,35.94,6.66,Regular Air,Corporate,Office Supplies,Envelopes,Small Box,Central,Wisconsin,Stevens Point,54481,4/10/2015,4/12/2015,172.5644,312.22
Medium,0.1,4.98,7.54,Regular Air,Consumer,Office Supplies,Paper,Small Box,South,Florida,Spring Hill,34609,3/10/2015,3/11/2015,45.078,43.84
Medium,0,22.84,8.18,Regular Air,Consumer,Office Supplies,Paper,Small Box,South,Florida,Spring Hill,34609,3/10/2015,3/12/2015,-110.376,141.74
Not Specified,0.03,200.97,15.59,Delivery Truck,Home Office,Technology,Office Machines,Jumbo Drum,West,California,San Francisco,94109,2/2/2015,2/3/2015,1951.3,8717.75
Not Specified,0.03,200.97,15.59,Delivery Truck,Home Office,Technology,Office Machines,Jumbo Drum,Central,Illinois,Northbrook,60062,2/2/2015,2/3/2015,1538.7828,2230.12
Low,0.07,5.98,0.96,Regular Air,Consumer,Office Supplies,Pens & Art Supplies,Wrap Bag,West,Idaho,Rexburg,83440,3/30/2015,4/3/2015,32.83,56.4
Low,0.01,39.98,4,Regular Air,Consumer,Technology,Computer Peripherals,Small Box,West,Idaho,Twin Falls,83301,3/30/2015,4/4/2015,51.59,257.52
Not Specified,0.06,218.08,18.06,Express Air,Consumer,Furniture,Chairs & Chairmats,Large Box,West,Idaho,Twin Falls,83301,5/21/2015,5/23/2015,969.42,1488.51
Not Specified,0.05,35.44,5.09,Regular Air,Consumer,Office Supplies,Paper,Small Box,West,Idaho,Twin Falls,83301,5/28/2015,5/29/2015,553.3317,801.93
Critical,0.03,4.98,4.62,Express Air,Corporate,Technology,Computer Peripherals,Small Pack,West,California,Beverly Hills,90210,6/28/2015,6/29/2015,-30.45,44.24
High,0.1,7.31,0.49,Regular Air,Corporate,Office Supplies,Labels,Small Box,Central,Illinois,Addison,60101,2/15/2015,2/16/2015,55.0206,79.74
High,0.1,20.99,2.5,Regular Air,Corporate,Technology,Telephones and Communication,Wrap Bag,Central,Illinois,Addison,60101,2/15/2015,2/16/2015,-43.65504,392.45
Not Specified,0.03,6.68,1.5,Regular Air,Corporate,Office Supplies,Pens & Art Supplies,Wrap Bag,South,Florida,Sunrise,33322,4/12/2015,4/13/2015,-577.304,48.32
High,0.04,39.48,1.99,Express Air,Corporate,Technology,Computer Peripherals,Small Pack,South,Florida,Tallahassee,32303,3/19/2015,3/19/2015,-1535.4864,332.16
High,0,8.12,2.83,Regular Air,Corporate,Technology,Computer Peripherals,Small Pack,South,Florida,Tallahassee,32303,3/19/2015,3/20/2015,-159.32,147.62
Critical,0.06,60.98,30,Delivery Truck,Small Business,Furniture,Chairs & Chairmats,Jumbo Drum,South,Tennessee,Gallatin,37066,4/1/2015,4/2/2015,-74.088,125.9
Not Specified,0.1,208.16,68.02,Delivery Truck,Small Business,Office Supplies,Appliances,Jumbo Drum,South,Tennessee,Germantown,38138,1/14/2015,1/14/2015,-137.522,768.81
Not Specified,0.07,90.48,19.99,Regular Air,Small Business,Office Supplies,Envelopes,Small Box,South,Tennessee,Hendersonville,37075,1/14/2015,1/15/2015,-11.816,183.39
Not Specified,0.01,9.48,7.29,Express Air,Small Business,Furniture,Office Furnishings,Small Pack,South,Tennessee,Hendersonville,37075,1/14/2015,1/16/2015,238.9338,12.9
Not Specified,0.02,4.28,0.94,Regular Air,Small Business,Office Supplies,Pens & Art Supplies,Wrap Bag,South,Tennessee,Hendersonville,37075,1/14/2015,1/15/2015,-105.126,17.89
Medium,0.06,22.24,1.99,Regular Air,Small Business,Technology,Computer Peripherals,Small Pack,South,Tennessee,Hendersonville,37075,6/28/2015,6/30/2015,95.388,255.88
Not Specified,0.01,24.95,2.99,Regular Air,Small Business,Office Supplies,Binders and Binder Accessories,Small Box,Central,Wisconsin,Superior,54880,1/21/2015,1/22/2015,261.3858,378.82
Not Specified,0,15.98,8.99,Regular Air,Small Business,Technology,Computer Peripherals,Small Pack,Central,Wisconsin,Waukesha,53186,1/21/2015,1/23/2015,-135.46,152.18
Critical,0.06,4.91,5.68,Express Air,Small Business,Office Supplies,Binders and Binder Accessories,Small Box,Central,Wisconsin,Waukesha,53186,6/13/2015,6/13/2015,-31.68825,53.89
Critical,0.07,48.94,5.86,Express Air,Small Business,Office Supplies,Paper,Small Box,Central,Wisconsin,Waukesha,53186,6/13/2015,6/14/2015,690.7038,1001.02
Low,0.06,115.99,5.92,Regular Air,Corporate,Technology,Telephones and Communication,Small Box,West,Oregon,Corvallis,97330,6/4/2015,6/6/2015,-13.068,495.82
High,0,7.28,3.52,Regular Air,Small Business,Technology,Computer Peripherals,Small Pack,East,Connecticut,Bristol,6010,6/10/2015,6/10/2015,-25.104,24.44
Low,0.06,5.18,2.04,Regular Air,Small Business,Office Supplies,Paper,Wrap Bag,East,New Hampshire,Hudson,3051,4/1/2015,4/1/2015,1.9504,21.86
High,0.07,2.78,1.49,Regular Air,Small Business,Office Supplies,Binders and Binder Accessories,Small Box,South,Louisiana,Slidell,70458,5/7/2015,5/8/2015,-340.5311,47.12
High,0.03,42.8,2.99,Regular Air,Corporate,Office Supplies,Binders and Binder Accessories,Small Box,East,Maryland,Annapolis,21403,5/23/2015,5/24/2015,462.921,670.9
Critical,0.02,5.28,6.26,Regular Air,Corporate,Office Supplies,Paper,Small Box,East,New York,New York City,10112,6/11/2015,6/12/2015,-131.16,412.72
Critical,0.01,11.34,5.01,Regular Air,Small Business,Office Supplies,Paper,Small Box,East,New York,Rotterdam,12306,3/30/2015,4/1/2015,-11.83,14.52
Critical,0.02,5.28,6.26,Regular Air,Corporate,Office Supplies,Paper,Small Box,East,New York,Rotterdam,12306,6/11/2015,6/12/2015,-65.58,103.18
Critical,0.06,47.98,3.61,Regular Air,Home Office,Technology,Computer Peripherals,Small Pack,South,Florida,Tamarac,33319,2/18/2015,2/20/2015,596.808,97.96
Not Specified,0.01,349.45,60,Delivery Truck,Consumer,Furniture,Tables,Jumbo Drum,West,Washington,Longview,98632,5/26/2015,5/27/2015,3739.3929,5419.41
Medium,0,25.38,8.99,Regular Air,Consumer,Furniture,Office Furnishings,Small Pack,West,Washington,Longview,98632,5/13/2015,5/15/2015,470.338,700.41
Not Specified,0.02,55.94,6.55,Regular Air,Consumer,Technology,Computer Peripherals,Small Box,West,Washington,Lynnwood,98037,3/21/2015,3/23/2015,401.85,646.88
Not Specified,0.07,105.34,24.49,Express Air,Consumer,Furniture,Office Furnishings,Large Box,Central,Michigan,Adrian,49221,6/25/2015,6/26/2015,710.6724,1029.96
Medium,0.04,9.99,11.59,Regular Air,Corporate,Office Supplies,Paper,Small Box,West,California,Eureka,95501,5/19/2015,5/21/2015,-92.32,52.09
Critical,0,122.99,70.2,Delivery Truck,Corporate,Furniture,Chairs & Chairmats,Jumbo Drum,East,Maine,Sanford,4073,1/28/2015,1/29/2015,-1764.29,1794.88
Critical,0.01,60.97,4.5,Express Air,Corporate,Office Supplies,Appliances,Small Box,East,New Jersey,North Plainfield,7060,1/28/2015,1/30/2015,527.8776,765.04
Low,0.02,13.48,4.51,Regular Air,Home Office,Office Supplies,Storage & Organization,Small Box,West,Washington,Mount Vernon,98273,3/21/2015,3/23/2015,34.52,127.12
Low,0.04,449.99,24.49,Regular Air,Small Business,Technology,Copiers and Fax,Large Box,West,Washington,Mount Vernon,98273,1/1/2015,1/5/2015,3576.8841,5183.89
Low,0.01,5.84,1.2,Regular Air,Small Business,Office Supplies,Pens & Art Supplies,Wrap Bag,West,Washington,Mount Vernon,98273,1/1/2015,1/10/2015,20.38,36.09
High,0.06,89.83,35,Regular Air,Home Office,Office Supplies,Storage & Organization,Large Box,South,South Carolina,Columbia,29203,4/6/2015,4/8/2015,31.11,366.26
High,0.1,13.43,5.5,Regular Air,Home Office,Office Supplies,Storage & Organization,Small Box,South,South Carolina,Columbia,29203,4/6/2015,4/8/2015,358.2954,157.99
High,0.01,125.99,7.69,Regular Air,Home Office,Technology,Telephones and Communication,Small Box,South,South Carolina,Columbia,29203,4/6/2015,4/6/2015,8.322,1212.88
Medium,0.01,45.99,4.99,Regular Air,Home Office,Technology,Telephones and Communication,Small Box,South,South Carolina,Columbia,29203,3/14/2015,3/16/2015,24.018,125.19
Critical,0.05,363.25,19.99,Express Air,Corporate,Office Supplies,Appliances,Small Box,South,Florida,Kendall,33156,4/21/2015,4/21/2015,-269.7555,1867.04
High,0.03,17.48,1.99,Regular Air,Corporate,Technology,Computer Peripherals,Small Pack,South,Florida,Kendall,33156,5/10/2015,5/11/2015,710.8074,537.8
High,0.05,19.23,6.15,Express Air,Corporate,Furniture,Office Furnishings,Small Pack,South,Florida,Kissimmee,34741,2/20/2015,2/22/2015,-2133.278,119.78
Not Specified,0.06,1.7,1.99,Regular Air,Consumer,Technology,Computer Peripherals,Small Pack,South,Virginia,Herndon,20170,1/6/2015,1/7/2015,80.0712,12.15
Not Specified,0.01,30.98,5.09,Regular Air,Consumer,Office Supplies,Paper,Small Box,South,Virginia,Herndon,20170,1/6/2015,1/8/2015,896.406,288.42
Low,0.08,30.56,2.99,Regular Air,Small Business,Office Supplies,Binders and Binder Accessories,Small Box,West,California,Granite Bay,95746,5/25/2015,5/27/2015,352.8798,511.42
Low,0.04,33.89,5.1,Regular Air,Home Office,Office Supplies,Storage & Organization,Small Box,South,Florida,Lake Worth,33461,1/7/2015,1/12/2015,68.676,200.64
Medium,0.06,11.33,6.12,Regular Air,Small Business,Office Supplies,Appliances,Medium Box,East,Connecticut,New London,6320,4/1/2015,4/3/2015,-15.92,17.62
Low,0.07,16.74,7.04,Regular Air,Small Business,Office Supplies,Storage & Organization,Small Box,East,Massachusetts,Agawam,1001,1/26/2015,2/2/2015,-114.2,80.58
Critical,0.1,6.64,54.95,Regular Air,Small Business,Furniture,Office Furnishings,Small Pack,East,Massachusetts,Natick,1760,3/24/2015,3/26/2015,-25,25.31
Critical,0.05,90.48,19.99,Regular Air,Small Business,Office Supplies,Envelopes,Small Box,East,Massachusetts,Sandwich,2563,3/24/2015,3/25/2015,255.1482,369.78
Low,0.06,6.45,1.34,Regular Air,Small Business,Office Supplies,Paper,Wrap Bag,East,Massachusetts,Winchester,1890,1/26/2015,1/31/2015,39.4266,57.14
Low,0.05,122.99,70.2,Delivery Truck,Small Business,Furniture,Chairs & Chairmats,Jumbo Drum,East,New Jersey,Fort Lee,7024,1/26/2015,1/30/2015,-722.23,498.31
Low,0.03,20.98,1.49,Regular Air,Small Business,Office Supplies,Binders and Binder Accessories,Small Box,South,Tennessee,Hendersonville,37075,5/21/2015,5/21/2015,30.024,431.43
Not Specified,0.08,3.28,3.97,Regular Air,Small Business,Office Supplies,Pens & Art Supplies,Wrap Bag,South,Tennessee,Jackson,38301,4/27/2015,4/28/2015,0.4266,57.24
Not Specified,0.09,40.97,8.99,Express Air,Small Business,Office Supplies,Pens & Art Supplies,Small Pack,South,Tennessee,Jackson,38301,4/27/2015,4/29/2015,66.216,824.7
Medium,0.05,6.48,8.19,Regular Air,Consumer,Office Supplies,Paper,Small Box,West,Arizona,El Mirage,85335,2/12/2015,2/15/2015,-164.18,58.5
Low,0,8.74,8.29,Regular Air,Consumer,Office Supplies,Envelopes,Small Box,West,Oregon,Coos Bay,97420,6/24/2015,6/26/2015,-79.4,131.62
Critical,0.07,5.58,1.99,Regular Air,Consumer,Office Supplies,Pens & Art Supplies,Wrap Bag,West,Oregon,Coos Bay,97420,4/24/2015,4/26/2015,23.046,121.46
Not Specified,0.06,113.98,30,Delivery Truck,Small Business,Furniture,Chairs & Chairmats,Jumbo Drum,Central,Michigan,Port Huron,48060,3/6/2015,3/8/2015,-127.3,356.14
Not Specified,0.05,6.48,6.86,Regular Air,Small Business,Office Supplies,Paper,Small Box,Central,Michigan,Port Huron,48060,3/6/2015,3/8/2015,-52.77,27.08
Medium,0.09,5.98,4.69,Regular Air,Corporate,Office Supplies,Storage & Organization,Small Box,South,Florida,Ormond Beach,32174,1/5/2015,1/6/2015,-781.1342,65.85
Not Specified,0.02,4,1.3,Regular Air,Corporate,Office Supplies,Paper,Wrap Bag,South,Florida,Ormond Beach,32174,1/9/2015,1/9/2015,-23.296,50.71
High,0.08,6.48,8.4,Regular Air,Consumer,Office Supplies,Paper,Small Box,South,Florida,Tampa,33614,5/7/2015,5/7/2015,58.812,45
High,0.03,2.61,0.5,Regular Air,Consumer,Office Supplies,Labels,Small Box,South,Florida,Titusville,32780,6/14/2015,6/15/2015,4.0443,19.02
High,0.01,11.66,7.95,Regular Air,Consumer,Office Supplies,Pens & Art Supplies,Small Pack,South,Florida,Titusville,32780,6/14/2015,6/15/2015,-10.3684,193.87
Medium,0.08,125.99,4.2,Regular Air,Consumer,Technology,Telephones and Communication,Small Box,West,Oregon,Troutdale,97060,1/13/2015,1/14/2015,989.8119,1434.51
Critical,0.03,194.3,11.54,Regular Air,Home Office,Furniture,Office Furnishings,Large Box,East,District of Columbia,Washington,20006,2/13/2015,2/15/2015,2861.01,8549.04
Critical,0.03,194.3,11.54,Regular Air,Home Office,Furniture,Office Furnishings,Large Box,Central,Michigan,Rochester Hills,48307,2/13/2015,2/15/2015,1544.9307,2239.03
Medium,0.07,7.68,6.16,Express Air,Consumer,Office Supplies,Binders and Binder Accessories,Small Box,South,Florida,Royal Palm Beach,33411,1/6/2015,1/8/2015,125.9982,22.13
Medium,0.05,6.64,4.95,Express Air,Consumer,Furniture,Office Furnishings,Small Pack,South,Florida,Royal Palm Beach,33411,1/6/2015,1/8/2015,-92.9292,34.17
Medium,0.02,110.99,2.5,Regular Air,Consumer,Technology,Telephones and Communication,Small Box,South,Florida,Royal Palm Beach,33411,1/27/2015,1/29/2015,-39.809,94.3
Medium,0.01,73.98,12.14,Regular Air,Small Business,Technology,Computer Peripherals,Small Box,West,Washington,Parkland,98444,1/23/2015,1/25/2015,-29.0656,384.22
Critical,0.1,10.89,4.5,Regular Air,Small Business,Office Supplies,Appliances,Small Box,West,Washington,Pasco,99301,2/4/2015,2/6/2015,-19.2972,178.68
High,0.06,6.7,1.56,Express Air,Small Business,Office Supplies,Pens & Art Supplies,Wrap Bag,West,Washington,Pasco,99301,2/7/2015,2/9/2015,40.6556,79.39
High,0.03,28.53,1.49,Regular Air,Corporate,Office Supplies,Binders and Binder Accessories,Small Box,West,California,Calexico,92231,5/16/2015,5/17/2015,137.6757,199.53
High,0.07,5.98,7.15,Regular Air,Corporate,Office Supplies,Paper,Small Box,West,California,Calexico,92231,5/16/2015,5/18/2015,-62,37.05
Not Specified,0.04,3.69,0.5,Regular Air,Corporate,Office Supplies,Labels,Small Box,West,California,Calexico,92231,3/27/2015,3/29/2015,47.5272,68.88
Low,0.1,120.98,9.07,Regular Air,Corporate,Office Supplies,Binders and Binder Accessories,Small Box,West,California,Camarillo,93010,2/28/2015,3/9/2015,379.3965,549.85
Low,0.08,8.32,2.38,Express Air,Corporate,Technology,Computer Peripherals,Small Pack,West,California,Camarillo,93010,2/28/2015,3/4/2015,-41.83,48.99
Low,0.1,125.99,4.2,Regular Air,Corporate,Technology,Telephones and Communication,Small Box,West,California,Camarillo,93010,2/28/2015,2/28/2015,372.402,681.42
Medium,0.07,5.34,5.63,Regular Air,Corporate,Office Supplies,Binders and Binder Accessories,Small Box,West,Idaho,Eagle,83616,5/4/2015,5/6/2015,-116.3455,66.65
Medium,0.03,160.98,30,Delivery Truck,Corporate,Furniture,Chairs & Chairmats,Jumbo Drum,West,Idaho,Eagle,83616,5/4/2015,5/5/2015,1304.9,2934.16
Medium,0.04,65.99,5.63,Express Air,Corporate,Technology,Telephones and Communication,Small Box,West,Idaho,Eagle,83616,5/4/2015,5/4/2015,605.0472,876.88
High,0.09,28.53,1.49,Regular Air,Home Office,Office Supplies,Binders and Binder Accessories,Small Box,Central,Wisconsin,Wauwatosa,53213,4/28/2015,4/30/2015,107.45462,157.33
Not Specified,0.02,9.11,2.15,Regular Air,Home Office,Office Supplies,Paper,Wrap Bag,Central,Wisconsin,West Allis,53214,3/20/2015,3/22/2015,18.41,27.37
Not Specified,0.06,12.64,4.98,Regular Air,Home Office,Furniture,Office Furnishings,Small Pack,Central,Wisconsin,West Bend,53095,3/20/2015,3/22/2015,65.63,98.16
Medium,0.04,7.96,4.95,Regular Air,Home Office,Furniture,Office Furnishings,Small Box,Central,Wisconsin,West Bend,53095,1/26/2015,1/26/2015,-7.73,116.11
Medium,0.03,4.98,4.95,Regular Air,Home Office,Office Supplies,Binders and Binder Accessories,Small Box,Central,Wisconsin,West Bend,53095,6/9/2015,6/11/2015,-47.99525,95
Low,0.1,80.97,33.6,Delivery Truck,Home Office,Technology,Office Machines,Jumbo Drum,East,Ohio,Troy,45373,5/24/2015,5/29/2015,66.22,837.57
Low,0.02,6.48,5.11,Regular Air,Home Office,Office Supplies,Paper,Small Box,East,Ohio,Troy,45373,5/24/2015,5/28/2015,-23.53,56.22
Critical,0.08,30.97,4,Regular Air,Home Office,Technology,Computer Peripherals,Small Box,East,Ohio,Upper Arlington,43221,5/2/2015,5/3/2015,10.68,758.97
Critical,0.1,4.13,0.5,Express Air,Home Office,Office Supplies,Labels,Small Box,East,Ohio,Upper Arlington,43221,5/2/2015,5/4/2015,58.2636,84.44
Medium,0.06,7.1,6.05,Regular Air,Home Office,Office Supplies,Binders and Binder Accessories,Small Box,East,Ohio,Westerville,43081,2/12/2015,2/13/2015,-42.1705,29.99
Medium,0.01,179.29,29.21,Delivery Truck,Corporate,Furniture,Tables,Jumbo Box,East,Maryland,Odenton,21113,6/2/2015,6/4/2015,66.36222,1487.9
High,0.05,73.98,12.14,Regular Air,Home Office,Technology,Computer Peripherals,Small Box,East,Maryland,Odenton,21113,6/29/2015,6/30/2015,-1.904,600.4
High,0,5.98,7.15,Regular Air,Home Office,Office Supplies,Paper,Small Box,East,Maryland,Odenton,21113,6/29/2015,7/1/2015,-37.048,34.25
High,0.09,3.57,4.17,Regular Air,Home Office,Office Supplies,Pens & Art Supplies,Small Pack,East,Maryland,Odenton,21113,6/29/2015,7/1/2015,-56.888,31.45
Critical,0,19.98,5.97,Express Air,Corporate,Office Supplies,Paper,Small Box,South,Georgia,Kennesaw,30144,3/26/2015,3/29/2015,-189.714,249.07
Critical,0.05,3.14,1.92,Express Air,Home Office,Office Supplies,"Scissors, Rulers and Trimmers",Wrap Bag,South,Georgia,Kennesaw,30144,4/25/2015,4/26/2015,1628.37,59.22
Critical,0.03,315.98,19.99,Regular Air,Home Office,Office Supplies,Binders and Binder Accessories,Small Box,South,Georgia,La Grange,30240,4/20/2015,4/22/2015,-4.48,5572.18
Critical,0.09,276.2,24.49,Regular Air,Home Office,Furniture,Chairs & Chairmats,Large Box,South,Georgia,La Grange,30240,4/20/2015,4/21/2015,3193.284,2941.42
Critical,0.03,63.94,14.48,Regular Air,Home Office,Furniture,Office Furnishings,Small Box,South,Georgia,La Grange,30240,4/20/2015,4/21/2015,43.6917,522.46
Not Specified,0.05,11.97,5.81,Regular Air,Corporate,Office Supplies,Pens & Art Supplies,Small Pack,South,Georgia,Macon,31204,3/23/2015,3/25/2015,349.0593,25.31
Medium,0.02,28.53,1.49,Regular Air,Home Office,Office Supplies,Binders and Binder Accessories,Small Box,South,Georgia,Macon,31204,4/29/2015,4/29/2015,1.992,513.33
Low,0.04,2.98,2.03,Express Air,Corporate,Office Supplies,Pens & Art Supplies,Wrap Bag,East,Ohio,Boardman,44512,1/16/2015,1/16/2015,-22.01,15.7
Low,0.01,125.99,8.99,Regular Air,Corporate,Technology,Telephones and Communication,Small Box,East,Ohio,Boardman,44512,1/16/2015,1/21/2015,426.46032,680.65
Critical,0,2.61,0.5,Regular Air,Corporate,Office Supplies,Labels,Small Box,East,Ohio,Bowling Green,43402,5/3/2015,5/5/2015,19.5546,28.34
Critical,0.04,25.38,8.99,Express Air,Corporate,Furniture,Office Furnishings,Small Pack,East,Ohio,Bowling Green,43402,5/3/2015,5/6/2015,152.482,861.3
Not Specified,0.03,95.99,35,Regular Air,Corporate,Office Supplies,Storage & Organization,Large Box,West,California,Fairfield,94533,5/11/2015,5/12/2015,67.012,894.64
Medium,0.08,125.99,7.69,Regular Air,Consumer,Technology,Telephones and Communication,Small Box,West,Washington,Pullman,99163,4/29/2015,4/30/2015,374.625,710.36
Critical,0.08,4.48,2.5,Regular Air,Consumer,Office Supplies,Envelopes,Small Box,West,Washington,Pullman,99163,2/14/2015,2/15/2015,-3.2448,80.2
Low,0,1270.99,19.99,Regular Air,Small Business,Office Supplies,Binders and Binder Accessories,Small Box,Central,Illinois,Danville,61832,6/7/2015,6/9/2015,6384.4389,9252.81
High,0.01,10.9,7.46,Regular Air,Small Business,Office Supplies,Storage & Organization,Small Box,Central,Illinois,Danville,61832,3/11/2015,3/12/2015,-116.76,207.31
High,0.1,7.99,5.03,Regular Air,Small Business,Technology,Telephones and Communication,Medium Box,Central,Illinois,Danville,61832,3/11/2015,3/12/2015,-160.952,143.12
Not Specified,0.08,11.97,5.81,Regular Air,Small Business,Office Supplies,Pens & Art Supplies,Small Pack,Central,Illinois,Des Plaines,60016,3/29/2015,3/31/2015,-41.87,59.98
Medium,0.1,9.38,4.93,Express Air,Small Business,Furniture,Office Furnishings,Small Box,East,West Virginia,Fairmont,26554,4/4/2015,4/4/2015,-24.7104,135.78
High,0.1,105.98,13.99,Express Air,Consumer,Furniture,Office Furnishings,Medium Box,West,Wyoming,Cheyenne,82001,2/8/2015,2/11/2015,349.485,506.5